[
  {
    "symbol": "AD1",
    "displayName": "AD1 HOLDINGS LIMITED",
    "industry": "Media & Entertainment",
    "dateListed": "2016-06-23",
    "marketCap": 18219014,
    "xid": "352938983",
    "priceChangeFiveDayPercent": -14.814814814814817,
    "isRecentListing": false,
    "priceAsk": 0.027,
    "priceBid": 0.023,
    "priceChange": -0.0030000000000000027,
    "priceChangePercent": -11.538461538461547,
    "priceLast": 0.023,
    "sector": "Communication Services",
    "industryGroup": "Media & Entertainment",
    "securityType": 1,
    "volume": 211979,
    "statusCode": "",
    "isin": "AU000000AD13",
    "priceClose": 0.026000000000000002,
    "priceDayHigh": 0.024,
    "priceDayLow": 0.023,
    "priceFiftyTwoWeekHigh": 0.041,
    "priceFiftyTwoWeekLow": 0.0105,
    "volumeAverage": 692537.428571,
    "cashFlow": -4.33108,
    "earningsPerShare": -0.00425,
    "freeCashFlowYield": -0.0000100000010000001,
    "priceEarningsRatio": -99999.99,
    "priceToCash": -99999.99,
    "foreignExempt": false,
    "shareDescription": "Ordinary Fully Paid",
    "numOfShares": 700731292,
    "yieldAnnual": 0,
    "incomeStatement": [
      {
        "revenue": 5986390,
        "netIncome": -2666230,
        "period": "2022A",
        "fPeriodEndDate": 44742,
        "curCode": "AUD"
      },
      {
        "revenue": 5338590,
        "netIncome": -2219600,
        "period": "2021A",
        "fPeriodEndDate": 44377,
        "curCode": "AUD"
      },
      {
        "revenue": 3400950,
        "netIncome": -2181160,
        "period": "2020A",
        "fPeriodEndDate": 44012,
        "curCode": "AUD"
      },
      {
        "revenue": 1953590,
        "netIncome": -4382110,
        "period": "2019A",
        "fPeriodEndDate": 43646,
        "curCode": "AUD"
      }
    ]
  },
  {
    "symbol": "AER",
    "displayName": "AEERIS LTD",
    "industry": "Media & Entertainment",
    "dateListed": "2015-04-01",
    "marketCap": 9663821,
    "xid": "268289400",
    "priceChangeFiveDayPercent": 0,
    "isRecentListing": false,
    "priceAsk": 0.135,
    "priceBid": 0.11,
    "priceChange": 0,
    "priceChangePercent": 0,
    "priceLast": 0.135,
    "sector": "Communication Services",
    "industryGroup": "Media & Entertainment",
    "securityType": 1,
    "volume": 0,
    "statusCode": "",
    "isin": "AU000000AER9",
    "priceClose": 0.135,
    "priceFiftyTwoWeekHigh": 0.2,
    "priceFiftyTwoWeekLow": 0.099,
    "volumeAverage": 18060.428571,
    "cashFlow": -0.10403,
    "earningsPerShare": -0.00294,
    "freeCashFlowYield": -0.0000100000010000001,
    "priceEarningsRatio": -99999.99,
    "priceToCash": -99999.99,
    "foreignExempt": false,
    "shareDescription": "Ordinary Fully Paid",
    "numOfShares": 71583858,
    "yieldAnnual": 0,
    "incomeStatement": [
      {
        "revenue": 2210530,
        "netIncome": -211300,
        "period": "2022A",
        "fPeriodEndDate": 44742,
        "curCode": "AUD"
      },
      {
        "revenue": 1837690,
        "netIncome": 467850,
        "period": "2021A",
        "fPeriodEndDate": 44377,
        "curCode": "AUD"
      },
      {
        "revenue": 1661250,
        "netIncome": -154800,
        "period": "2020A",
        "fPeriodEndDate": 44012,
        "curCode": "AUD"
      },
      {
        "revenue": 1636230,
        "netIncome": -251940,
        "period": "2019A",
        "fPeriodEndDate": 43646,
        "curCode": "AUD"
      }
    ]
  },
  {
    "symbol": "ART",
    "displayName": "AIRTASKER LIMITED",
    "industry": "Media & Entertainment",
    "dateListed": "2021-03-23",
    "marketCap": 159523321,
    "xid": "643303451",
    "priceChangeFiveDayPercent": -11.250000000000009,
    "isRecentListing": false,
    "priceAsk": 0.36,
    "priceBid": 0.355,
    "priceChange": 0,
    "priceChangePercent": 0,
    "priceLast": 0.355,
    "sector": "Communication Services",
    "industryGroup": "Media & Entertainment",
    "securityType": 1,
    "volume": 194197,
    "statusCode": "",
    "isin": "AU0000135998",
    "priceClose": 0.355,
    "priceDayHigh": 0.38,
    "priceDayLow": 0.355,
    "priceFiftyTwoWeekHigh": 1.17,
    "priceFiftyTwoWeekLow": 0.245,
    "volumeAverage": 480399.531915,
    "cashFlow": -18.385,
    "earningsPerShare": -0.04865,
    "freeCashFlowYield": -0.0000100000010000001,
    "priceEarningsRatio": -99999.99,
    "priceToCash": -99999.99,
    "foreignExempt": false,
    "shareDescription": "Ordinary Fully Paid",
    "numOfShares": 449361468,
    "yieldAnnual": 0,
    "incomeStatement": [
      {
        "revenue": 31488000,
        "netIncome": -20391000,
        "period": "2022A",
        "fPeriodEndDate": 44742,
        "curCode": "AUD"
      },
      {
        "revenue": 26584000,
        "netIncome": -9709000,
        "period": "2021A",
        "fPeriodEndDate": 44377,
        "curCode": "AUD"
      },
      {
        "revenue": 19318760,
        "netIncome": -10254080,
        "period": "2020A",
        "fPeriodEndDate": 44012,
        "curCode": "AUD"
      },
      {
        "revenue": 14119020,
        "netIncome": -29668930,
        "period": "2019A",
        "fPeriodEndDate": 43646,
        "curCode": "AUD"
      }
    ]
  },
  {
    "symbol": "AFW",
    "displayName": "APPLYFLOW LIMITED",
    "industry": "Media & Entertainment",
    "dateListed": "2010-11-30",
    "marketCap": 5915216,
    "xid": "26701925",
    "priceChangeFiveDayPercent": 0,
    "isRecentListing": false,
    "priceAsk": 0.003,
    "priceBid": 0.002,
    "priceChange": 0,
    "priceChangePercent": 0,
    "priceLast": 0.002,
    "sector": "Communication Services",
    "industryGroup": "Media & Entertainment",
    "securityType": 1,
    "volume": 1289681,
    "statusCode": "",
    "isin": "AU0000118135",
    "priceClose": 0.002,
    "priceDayHigh": 0.002,
    "priceDayLow": 0.002,
    "priceFiftyTwoWeekHigh": 0.0085,
    "priceFiftyTwoWeekLow": 0.001,
    "volumeAverage": 4175077.746479,
    "cashFlow": -1.7534,
    "earningsPerShare": -0.00095,
    "freeCashFlowYield": -0.0000100000010000001,
    "priceEarningsRatio": -99999.99,
    "priceToCash": -99999.99,
    "foreignExempt": false,
    "shareDescription": "Ordinary Fully Paid",
    "numOfShares": 2957608034,
    "yieldAnnual": 0,
    "incomeStatement": [
      {
        "revenue": 2102090,
        "netIncome": -2729310,
        "period": "2022A",
        "fPeriodEndDate": 44742,
        "curCode": "AUD"
      },
      {
        "revenue": 2566880,
        "netIncome": -2801130,
        "period": "2021A",
        "fPeriodEndDate": 44377,
        "curCode": "AUD"
      },
      {
        "revenue": 287370,
        "netIncome": -3510890,
        "period": "2020A",
        "fPeriodEndDate": 44012,
        "curCode": "AUD"
      },
      {
        "revenue": 42050,
        "netIncome": -1417870,
        "period": "2019A",
        "fPeriodEndDate": 43646,
        "curCode": "AUD"
      }
    ]
  },
  {
    "symbol": "ASP",
    "displayName": "ASPERMONT LIMITED.",
    "industry": "Media & Entertainment",
    "dateListed": "2000-04-27",
    "marketCap": 72875789,
    "xid": "49207",
    "priceChangeFiveDayPercent": 42.85714285714285,
    "isRecentListing": false,
    "priceAsk": 0.032,
    "priceBid": 0.026000000000000002,
    "priceChange": 0,
    "priceChangePercent": 0,
    "priceLast": 0.03,
    "sector": "Communication Services",
    "industryGroup": "Media & Entertainment",
    "securityType": 1,
    "volume": 2948426,
    "statusCode": "",
    "isin": "AU000000ASP3",
    "priceClose": 0.03,
    "priceDayHigh": 0.03,
    "priceDayLow": 0.029,
    "priceFiftyTwoWeekHigh": 0.03,
    "priceFiftyTwoWeekLow": 0.016,
    "volumeAverage": 802356.54717,
    "cashFlow": -0.18,
    "earningsPerShare": -0.00019,
    "freeCashFlowYield": 0.00971516118909687,
    "priceEarningsRatio": -99999.99,
    "priceToCash": 102.9319,
    "foreignExempt": false,
    "shareDescription": "Ordinary Fully Paid",
    "numOfShares": 2429192981,
    "yieldAnnual": 0,
    "incomeStatement": [
      {
        "revenue": 16053000,
        "netIncome": 115000,
        "period": "2021A",
        "fPeriodEndDate": 44469,
        "curCode": "AUD"
      },
      {
        "revenue": 15204000,
        "netIncome": -970000,
        "period": "2020A",
        "fPeriodEndDate": 44104,
        "curCode": "AUD"
      },
      {
        "revenue": 16379000,
        "netIncome": -7452000,
        "period": "2019A",
        "fPeriodEndDate": 43738,
        "curCode": "AUD"
      },
      {
        "revenue": 14031000,
        "netIncome": -943000,
        "period": "2018A",
        "fPeriodEndDate": 43373,
        "curCode": "AUD"
      }
    ]
  },
  {
    "symbol": "BYI",
    "displayName": "BEYOND INTERNATIONAL LIMITED",
    "industry": "Media & Entertainment",
    "dateListed": "1987-06-12",
    "marketCap": 30668484,
    "xid": "68364",
    "priceChangeFiveDayPercent": 2.040816326530614,
    "isRecentListing": false,
    "priceAsk": 0.595,
    "priceBid": 0.47500000000000003,
    "priceChange": 0,
    "priceChangePercent": 0,
    "priceLast": 0.5,
    "sector": "Communication Services",
    "industryGroup": "Media & Entertainment",
    "securityType": 1,
    "volume": 0,
    "statusCode": "",
    "isin": "AU000000BYI4",
    "priceClose": 0.5,
    "priceFiftyTwoWeekHigh": 0.705,
    "priceFiftyTwoWeekLow": 0.31,
    "volumeAverage": 9409.764706,
    "dateExDate": "2017-03-23",
    "datePayDate": "2017-04-21",
    "dateRecordDate": "2017-03-24",
    "dividend": 0.02,
    "dividendType": "I",
    "frankingPercent": 0,
    "cashFlow": 0.718,
    "earningsPerShare": 0.06587,
    "freeCashFlowYield": 0.24650699586854277,
    "priceEarningsRatio": 7.59071,
    "priceToCash": 4.05668,
    "foreignExempt": false,
    "shareDescription": "Ordinary Fully Paid",
    "numOfShares": 61336968,
    "yieldAnnual": 0,
    "incomeStatement": [
      {
        "revenue": 92240000,
        "netIncome": 3479000,
        "period": "2022A",
        "fPeriodEndDate": 44742,
        "curCode": "AUD"
      },
      {
        "revenue": 114497000,
        "netIncome": 799000,
        "period": "2021A",
        "fPeriodEndDate": 44377,
        "curCode": "AUD"
      },
      {
        "revenue": 78432000,
        "netIncome": -6394000,
        "period": "2020A",
        "fPeriodEndDate": 44012,
        "curCode": "AUD"
      },
      {
        "revenue": 83014000,
        "netIncome": -2774000,
        "period": "2019A",
        "fPeriodEndDate": 43646,
        "curCode": "AUD"
      }
    ]
  },
  {
    "symbol": "BBL",
    "displayName": "BRISBANE BRONCOS LIMITED",
    "industry": "Media & Entertainment",
    "dateListed": "1989-05-12",
    "marketCap": 113236930,
    "xid": "58108",
    "priceChangeFiveDayPercent": -0.4366812227074143,
    "isRecentListing": false,
    "priceAsk": 1.25,
    "priceBid": 1.1400000000000001,
    "priceChange": -0.014999999999999902,
    "priceChangePercent": -1.2987012987012903,
    "priceLast": 1.1400000000000001,
    "sector": "Communication Services",
    "industryGroup": "Media & Entertainment",
    "securityType": 1,
    "volume": 31,
    "statusCode": "",
    "isin": "AU000000BBL6",
    "priceClose": 1.155,
    "priceDayHigh": 1.145,
    "priceDayLow": 1.1400000000000001,
    "priceFiftyTwoWeekHigh": 1.315,
    "priceFiftyTwoWeekLow": 0.45,
    "volumeAverage": 4416.041667,
    "dateExDate": "2022-03-22",
    "datePayDate": "2022-04-14",
    "dateRecordDate": "2022-03-23",
    "dividend": 0.01,
    "dividendType": "F",
    "frankingPercent": 100,
    "cashFlow": 1.04389,
    "earningsPerShare": 0.03272,
    "freeCashFlowYield": -0.0000100000010000001,
    "priceEarningsRatio": 35.29951,
    "priceToCash": -99999.99,
    "foreignExempt": false,
    "shareDescription": "Ordinary Fully Paid",
    "numOfShares": 98040632,
    "yieldAnnual": 0.8771929824561403,
    "incomeStatement": [
      {
        "revenue": 50967240,
        "netIncome": 2897260,
        "period": "2021A",
        "fPeriodEndDate": 44561,
        "curCode": "AUD"
      },
      {
        "revenue": 34905510,
        "netIncome": -376230,
        "period": "2020A",
        "fPeriodEndDate": 44196,
        "curCode": "AUD"
      },
      {
        "revenue": 51935970,
        "netIncome": 2263780,
        "period": "2019A",
        "fPeriodEndDate": 43830,
        "curCode": "AUD"
      },
      {
        "revenue": 51773250,
        "netIncome": 2067150,
        "period": "2018A",
        "fPeriodEndDate": 43465,
        "curCode": "AUD"
      }
    ]
  },
  {
    "symbol": "CAR",
    "displayName": "CARSALES.COM LIMITED.",
    "industry": "Media & Entertainment",
    "dateListed": "2009-09-10",
    "marketCap": 7217878801,
    "xid": "20525895",
    "priceChangeFiveDayPercent": -4.617537313432845,
    "isRecentListing": false,
    "priceAsk": 21,
    "priceBid": 20.1,
    "priceChange": -0.10999999999999943,
    "priceChangePercent": -0.5350194552529156,
    "priceLast": 20.45,
    "sector": "Communication Services",
    "industryGroup": "Media & Entertainment",
    "securityType": 1,
    "volume": 1246993,
    "statusCode": "XD",
    "isin": "AU000000CAR3",
    "priceClose": 20.56,
    "priceDayHigh": 20.47,
    "priceDayLow": 20.19,
    "priceFiftyTwoWeekHigh": 25.84282,
    "priceFiftyTwoWeekLow": 16.98881,
    "volumeAverage": 1114035.693822,
    "dateExDate": "2022-09-16",
    "datePayDate": "2022-10-17",
    "dateRecordDate": "2022-09-19",
    "dividend": 0.245,
    "dividendType": "F",
    "frankingPercent": 100,
    "cashFlow": 29.693,
    "earningsPerShare": 0.55244,
    "freeCashFlowYield": 0.02883860589564924,
    "priceEarningsRatio": 37.21671,
    "priceToCash": 34.67574,
    "foreignExempt": false,
    "shareDescription": "Ordinary Fully Paid",
    "numOfShares": 351064144,
    "yieldAnnual": 2.444987775061125,
    "incomeStatement": [
      {
        "revenue": 509398000,
        "netIncome": 160816000,
        "period": "2022A",
        "fPeriodEndDate": 44742,
        "curCode": "AUD"
      },
      {
        "revenue": 434620000,
        "netIncome": 130704000,
        "period": "2021A",
        "fPeriodEndDate": 44377,
        "curCode": "AUD"
      },
      {
        "revenue": 413399000,
        "netIncome": 114668000,
        "period": "2020A",
        "fPeriodEndDate": 44012,
        "curCode": "AUD"
      },
      {
        "revenue": 417494000,
        "netIncome": 84011000,
        "period": "2019A",
        "fPeriodEndDate": 43646,
        "curCode": "AUD"
      }
    ]
  },
  {
    "symbol": "CTV",
    "displayName": "COLORTV LIMITED",
    "industry": "Media & Entertainment",
    "dateListed": "2017-12-14",
    "marketCap": -1,
    "xid": "443098433",
    "priceChangeFiveDayPercent": 0,
    "isRecentListing": false,
    "priceChange": 0,
    "priceChangePercent": 0,
    "priceLast": 0.008,
    "sector": "Communication Services",
    "industryGroup": "Media & Entertainment",
    "securityType": 1,
    "volume": 0,
    "statusCode": "RE",
    "isin": "AU0000222929",
    "priceClose": 0.008,
    "priceFiftyTwoWeekHigh": 0.125,
    "priceFiftyTwoWeekLow": 0.005,
    "volumeAverage": 280957.461538,
    "cashFlow": -1.51675,
    "earningsPerShare": -0.05937,
    "freeCashFlowYield": -0.0000100000010000001,
    "priceEarningsRatio": -99999.99,
    "priceToCash": -99999.99,
    "foreignExempt": false,
    "shareDescription": "Ordinary Fully Paid",
    "numOfShares": 154623134,
    "yieldAnnual": 0,
    "incomeStatement": [
      {
        "revenue": 11406630,
        "netIncome": -6179040,
        "period": "2021A",
        "fPeriodEndDate": 44561,
        "curCode": "AUD"
      },
      {
        "revenue": 15398410,
        "netIncome": -6881030,
        "period": "2020A",
        "fPeriodEndDate": 44196,
        "curCode": "AUD"
      },
      {
        "revenue": 17079120,
        "netIncome": -1343430,
        "period": "2019A",
        "fPeriodEndDate": 43830,
        "curCode": "AUD"
      },
      {
        "revenue": 11443940,
        "netIncome": -10840200,
        "period": "2018A",
        "fPeriodEndDate": 43465,
        "curCode": "AUD"
      }
    ]
  },
  {
    "symbol": "CM8",
    "displayName": "CROWD MEDIA HOLDINGS LIMITED",
    "industry": "Media & Entertainment",
    "dateListed": "1999-12-16",
    "marketCap": 16359472,
    "xid": "238505",
    "priceChangeFiveDayPercent": 0,
    "isRecentListing": false,
    "priceAsk": 0.023,
    "priceBid": 0.021,
    "priceChange": 0.0010000000000000009,
    "priceChangePercent": 4.545454545454549,
    "priceLast": 0.023,
    "sector": "Communication Services",
    "industryGroup": "Media & Entertainment",
    "securityType": 1,
    "volume": 615955,
    "statusCode": "",
    "isin": "AU000000CM85",
    "priceClose": 0.022,
    "priceDayHigh": 0.024,
    "priceDayLow": 0.022,
    "priceFiftyTwoWeekHigh": 0.05,
    "priceFiftyTwoWeekLow": 0.017,
    "volumeAverage": 1251679.21978,
    "cashFlow": -0.78137,
    "earningsPerShare": -0.00472,
    "freeCashFlowYield": -0.0000100000010000001,
    "priceEarningsRatio": -99999.99,
    "priceToCash": -99999.99,
    "foreignExempt": false,
    "shareDescription": "Ordinary Fully Paid",
    "numOfShares": 743612361,
    "yieldAnnual": 0,
    "incomeStatement": [
      {
        "revenue": 5426440,
        "netIncome": -3170720,
        "period": "2022A",
        "fPeriodEndDate": 44742,
        "curCode": "AUD"
      },
      {
        "revenue": 7044400,
        "netIncome": -6235510,
        "period": "2021A",
        "fPeriodEndDate": 44377,
        "curCode": "AUD"
      },
      {
        "revenue": 16481010,
        "netIncome": -1914560,
        "period": "2020A",
        "fPeriodEndDate": 44012,
        "curCode": "AUD"
      },
      {
        "revenue": 23920770,
        "netIncome": -4795980,
        "period": "2019A",
        "fPeriodEndDate": 43646,
        "curCode": "AUD"
      }
    ]
  },
  {
    "symbol": "DHG",
    "displayName": "DOMAIN HOLDINGS AUSTRALIA LIMITED.",
    "industry": "Media & Entertainment",
    "dateListed": "2017-11-16",
    "marketCap": 2046569176,
    "xid": "438986215",
    "priceChangeFiveDayPercent": -5.740181268882173,
    "isRecentListing": false,
    "priceAsk": 3.3200000000000003,
    "priceBid": 3.1,
    "priceChange": -0.1200000000000001,
    "priceChangePercent": -3.703703703703707,
    "priceLast": 3.12,
    "sector": "Communication Services",
    "industryGroup": "Media & Entertainment",
    "securityType": 1,
    "volume": 1195390,
    "statusCode": "",
    "isin": "AU000000DHG9",
    "priceClose": 3.24,
    "priceDayHigh": 3.25,
    "priceDayLow": 3.11,
    "priceFiftyTwoWeekHigh": 6.00648,
    "priceFiftyTwoWeekLow": 2.5,
    "volumeAverage": 1367395.180851,
    "dateExDate": "2022-08-23",
    "datePayDate": "2022-09-13",
    "dateRecordDate": "2022-08-24",
    "dividend": 0.04,
    "dividendType": "F",
    "frankingPercent": 100,
    "cashFlow": 12.948,
    "earningsPerShare": 0.05888,
    "freeCashFlowYield": 0.03413761555582866,
    "priceEarningsRatio": 55.02717,
    "priceToCash": 29.2932,
    "foreignExempt": false,
    "shareDescription": "Ordinary Fully Paid",
    "numOfShares": 631657153,
    "yieldAnnual": 0,
    "incomeStatement": [
      {
        "revenue": 356570000,
        "netIncome": 35113000,
        "period": "2022A",
        "fPeriodEndDate": 44742,
        "curCode": "AUD"
      },
      {
        "revenue": 289405000,
        "netIncome": 34270000,
        "period": "2021A",
        "fPeriodEndDate": 44377,
        "curCode": "AUD"
      },
      {
        "revenue": 267303000,
        "netIncome": -227207000,
        "period": "2020A",
        "fPeriodEndDate": 44012,
        "curCode": "AUD"
      },
      {
        "revenue": 335468000,
        "netIncome": -137583000,
        "period": "2019A",
        "fPeriodEndDate": 43646,
        "curCode": "AUD"
      }
    ]
  },
  {
    "symbol": "EM1",
    "displayName": "EMERGE GAMING LIMITED",
    "industry": "Media & Entertainment",
    "dateListed": "1971-06-09",
    "marketCap": 14576053,
    "xid": "138633",
    "priceChangeFiveDayPercent": 4.0000000000000036,
    "isRecentListing": false,
    "priceAsk": 0.013000000000000001,
    "priceBid": 0.012,
    "priceChange": 0,
    "priceChangePercent": 0,
    "priceLast": 0.013000000000000001,
    "sector": "Communication Services",
    "industryGroup": "Media & Entertainment",
    "securityType": 1,
    "volume": 120000,
    "statusCode": "",
    "isin": "AU0000007866",
    "priceClose": 0.013000000000000001,
    "priceDayHigh": 0.013000000000000001,
    "priceDayLow": 0.013000000000000001,
    "priceFiftyTwoWeekHigh": 0.031,
    "priceFiftyTwoWeekLow": 0.01,
    "volumeAverage": 1380585.48913,
    "cashFlow": 0.28966,
    "earningsPerShare": 0.00407,
    "freeCashFlowYield": 0.3599349237657832,
    "priceEarningsRatio": 3.1941,
    "priceToCash": 2.77828,
    "foreignExempt": false,
    "shareDescription": "Ordinary Fully Paid",
    "numOfShares": 1121234880,
    "yieldAnnual": 0,
    "incomeStatement": [
      {
        "revenue": 671220,
        "netIncome": 6780490,
        "period": "2022A",
        "fPeriodEndDate": 44742,
        "curCode": "AUD"
      },
      {
        "revenue": 251830,
        "netIncome": 516420,
        "period": "2021A",
        "fPeriodEndDate": 44377,
        "curCode": "AUD"
      },
      {
        "revenue": 31100,
        "netIncome": -1291720,
        "period": "2020A",
        "fPeriodEndDate": 44012,
        "curCode": "AUD"
      },
      {
        "revenue": 295030,
        "netIncome": -2953610,
        "period": "2019A",
        "fPeriodEndDate": 43646,
        "curCode": "AUD"
      }
    ]
  },
  {
    "symbol": "EGG",
    "displayName": "ENERO GROUP LIMITED",
    "industry": "Media & Entertainment",
    "dateListed": "2004-04-30",
    "marketCap": 280015529,
    "xid": "228423",
    "priceChangeFiveDayPercent": -1.960784313725492,
    "isRecentListing": false,
    "priceAsk": 3.17,
    "priceBid": 2.99,
    "priceChange": -0.020000000000000018,
    "priceChangePercent": -0.6622516556291397,
    "priceLast": 3,
    "sector": "Communication Services",
    "industryGroup": "Media & Entertainment",
    "securityType": 1,
    "volume": 2614778,
    "statusCode": "XD",
    "isin": "AU000000EGG9",
    "priceClose": 3.02,
    "priceDayHigh": 3.0300000000000002,
    "priceDayLow": 2.9,
    "priceFiftyTwoWeekHigh": 4.21,
    "priceFiftyTwoWeekLow": 2.53,
    "volumeAverage": 132657.787234,
    "dateExDate": "2022-09-19",
    "datePayDate": "2022-10-04",
    "dateRecordDate": "2022-09-20",
    "dividend": 0.065,
    "dividendType": "F",
    "frankingPercent": 100,
    "cashFlow": 38.515,
    "earningsPerShare": 0.28206,
    "freeCashFlowYield": 0.1755651882322166,
    "priceEarningsRatio": 10.70694,
    "priceToCash": 5.69589,
    "foreignExempt": false,
    "shareDescription": "Ordinary Fully Paid",
    "numOfShares": 92720374,
    "yieldAnnual": 4.166666666666666,
    "incomeStatement": [
      {
        "revenue": 522124000,
        "netIncome": 25387000,
        "period": "2022A",
        "fPeriodEndDate": 44742,
        "curCode": "AUD"
      },
      {
        "revenue": 402478000,
        "netIncome": -402000,
        "period": "2021A",
        "fPeriodEndDate": 44377,
        "curCode": "AUD"
      },
      {
        "revenue": 268741000,
        "netIncome": 10707000,
        "period": "2020A",
        "fPeriodEndDate": 44012,
        "curCode": "AUD"
      },
      {
        "revenue": 230032000,
        "netIncome": 5661000,
        "period": "2019A",
        "fPeriodEndDate": 43646,
        "curCode": "AUD"
      }
    ]
  },
  {
    "symbol": "EVT",
    "displayName": "EVENT HOSPITALITY AND ENTERTAINMENT LTD",
    "industry": "Media & Entertainment",
    "dateListed": "1962-06-30",
    "marketCap": 2124556967,
    "xid": "41187",
    "priceChangeFiveDayPercent": -1.7777777777777795,
    "isRecentListing": false,
    "priceAsk": 14.8,
    "priceBid": 13.05,
    "priceChange": 0.08000000000000007,
    "priceChangePercent": 0.6069802731411235,
    "priceLast": 13.26,
    "sector": "Communication Services",
    "industryGroup": "Media & Entertainment",
    "securityType": 1,
    "volume": 238642,
    "statusCode": "",
    "isin": "AU000000EVT1",
    "priceClose": 13.18,
    "priceDayHigh": 13.94,
    "priceDayLow": 13.11,
    "priceFiftyTwoWeekHigh": 16.97,
    "priceFiftyTwoWeekLow": 11.51,
    "volumeAverage": 148007.223404,
    "dateExDate": "2020-03-04",
    "datePayDate": "2020-03-19",
    "dateRecordDate": "2020-03-05",
    "dividend": 0.21,
    "dividendType": "I",
    "frankingPercent": 100,
    "cashFlow": 172.897,
    "earningsPerShare": 0.32849,
    "freeCashFlowYield": 0.11542599116298613,
    "priceEarningsRatio": 40.12299,
    "priceToCash": 8.66356,
    "foreignExempt": false,
    "shareDescription": "Ordinary Fully Paid",
    "numOfShares": 161195521,
    "yieldAnnual": 0,
    "incomeStatement": [
      {
        "revenue": 857448000,
        "netIncome": 53322000,
        "period": "2022A",
        "fPeriodEndDate": 44742,
        "curCode": "AUD"
      },
      {
        "revenue": 533742000,
        "netIncome": -48036000,
        "period": "2021A",
        "fPeriodEndDate": 44377,
        "curCode": "AUD"
      },
      {
        "revenue": 989561000,
        "netIncome": -56987000,
        "period": "2020A",
        "fPeriodEndDate": 44012,
        "curCode": "AUD"
      },
      {
        "revenue": 995879000,
        "netIncome": 111889000,
        "period": "2019A",
        "fPeriodEndDate": 43646,
        "curCode": "AUD"
      }
    ]
  },
  {
    "symbol": "FDV",
    "displayName": "FRONTIER DIGITAL VENTURES LIMITED",
    "industry": "Media & Entertainment",
    "dateListed": "2016-08-26",
    "marketCap": 288280047,
    "xid": "360823451",
    "priceChangeFiveDayPercent": -10.625000000000009,
    "isRecentListing": false,
    "priceAsk": 0.745,
    "priceBid": 0.71,
    "priceChange": -0.04500000000000004,
    "priceChangePercent": -5.921052631578952,
    "priceLast": 0.715,
    "sector": "Communication Services",
    "industryGroup": "Media & Entertainment",
    "securityType": 1,
    "volume": 782702,
    "statusCode": "",
    "isin": "AU000000FDV2",
    "priceClose": 0.76,
    "priceDayHigh": 0.755,
    "priceDayLow": 0.705,
    "priceFiftyTwoWeekHigh": 1.875,
    "priceFiftyTwoWeekLow": 0.66,
    "volumeAverage": 374194.276596,
    "cashFlow": -8.82067,
    "earningsPerShare": -0.05447,
    "freeCashFlowYield": -0.0000100000010000001,
    "priceEarningsRatio": -99999.99,
    "priceToCash": -99999.99,
    "foreignExempt": false,
    "shareDescription": "Ordinary Fully Paid",
    "numOfShares": 379315851,
    "yieldAnnual": 0,
    "incomeStatement": [
      {
        "revenue": 51412160,
        "netIncome": -15104460,
        "period": "2021A",
        "fPeriodEndDate": 44561,
        "curCode": "AUD"
      },
      {
        "revenue": 20829480,
        "netIncome": -13195220,
        "period": "2020A",
        "fPeriodEndDate": 44196,
        "curCode": "AUD"
      },
      {
        "revenue": 15347850,
        "netIncome": -2388160,
        "period": "2019A",
        "fPeriodEndDate": 43830,
        "curCode": "AUD"
      },
      {
        "revenue": 12632470,
        "netIncome": -6347930,
        "period": "2018A",
        "fPeriodEndDate": 43465,
        "curCode": "AUD"
      }
    ]
  },
  {
    "symbol": "GTN",
    "displayName": "GTN LIMITED",
    "industry": "Media & Entertainment",
    "dateListed": "2016-06-01",
    "marketCap": 90417197,
    "xid": "349800590",
    "priceChangeFiveDayPercent": -2.325581395348839,
    "isRecentListing": false,
    "priceAsk": 0.435,
    "priceBid": 0.41000000000000003,
    "priceChange": 0,
    "priceChangePercent": 0,
    "priceLast": 0.42,
    "sector": "Communication Services",
    "industryGroup": "Media & Entertainment",
    "securityType": 1,
    "volume": 0,
    "statusCode": "XD",
    "isin": "AU000000GTN3",
    "priceClose": 0.42,
    "priceFiftyTwoWeekHigh": 0.72,
    "priceFiftyTwoWeekLow": 0.36,
    "volumeAverage": 280804.807692,
    "dateExDate": "2022-09-01",
    "datePayDate": "2022-09-30",
    "dateRecordDate": "2022-09-02",
    "dividend": 0.013,
    "dividendType": "F",
    "frankingPercent": 0,
    "cashFlow": 7.379,
    "earningsPerShare": 0.00949,
    "freeCashFlowYield": 0.1484119916889285,
    "priceEarningsRatio": 44.25711,
    "priceToCash": 6.738,
    "foreignExempt": false,
    "shareDescription": "Ordinary Fully Paid",
    "numOfShares": 215279041,
    "yieldAnnual": 3.0952380952380953,
    "incomeStatement": [
      {
        "revenue": 160083000,
        "netIncome": 2802000,
        "period": "2022A",
        "fPeriodEndDate": 44742,
        "curCode": "AUD"
      },
      {
        "revenue": 143341000,
        "netIncome": -89000,
        "period": "2021A",
        "fPeriodEndDate": 44377,
        "curCode": "AUD"
      },
      {
        "revenue": 160940000,
        "netIncome": 319000,
        "period": "2020A",
        "fPeriodEndDate": 44012,
        "curCode": "AUD"
      },
      {
        "revenue": 184969000,
        "netIncome": 15732000,
        "period": "2019A",
        "fPeriodEndDate": 43646,
        "curCode": "AUD"
      }
    ]
  },
  {
    "symbol": "HPG",
    "displayName": "HIPAGES GROUP HOLDINGS LTD",
    "industry": "Media & Entertainment",
    "dateListed": "2020-11-12",
    "marketCap": 171678058,
    "xid": "625322033",
    "priceChangeFiveDayPercent": -3.053435114503819,
    "isRecentListing": false,
    "priceAsk": 1.28,
    "priceBid": 1.27,
    "priceChange": -0.040000000000000036,
    "priceChangePercent": -3.053435114503819,
    "priceLast": 1.27,
    "sector": "Communication Services",
    "industryGroup": "Media & Entertainment",
    "securityType": 1,
    "volume": 11460,
    "statusCode": "",
    "isin": "AU0000112104",
    "priceClose": 1.31,
    "priceDayHigh": 1.31,
    "priceDayLow": 1.27,
    "priceFiftyTwoWeekHigh": 4.135,
    "priceFiftyTwoWeekLow": 0.875,
    "volumeAverage": 226139.138298,
    "cashFlow": -0.564,
    "earningsPerShare": -0.00698,
    "freeCashFlowYield": 0.055505045963728565,
    "priceEarningsRatio": -99999.99,
    "priceToCash": 18.01638,
    "foreignExempt": false,
    "shareDescription": "Ordinary Fully Paid",
    "numOfShares": 131051953,
    "yieldAnnual": 0,
    "incomeStatement": [
      {
        "revenue": 61859000,
        "netIncome": -910000,
        "period": "2022A",
        "fPeriodEndDate": 44742,
        "curCode": "AUD"
      },
      {
        "revenue": 55806000,
        "netIncome": -6199000,
        "period": "2021A",
        "fPeriodEndDate": 44377,
        "curCode": "AUD"
      },
      {
        "revenue": 45804000,
        "netIncome": -5914000,
        "period": "2020A",
        "fPeriodEndDate": 44012,
        "curCode": "AUD"
      },
      {
        "revenue": 42423000,
        "netIncome": -14148000,
        "period": "2019A",
        "fPeriodEndDate": 43646,
        "curCode": "AUD"
      }
    ]
  },
  {
    "symbol": "HT1",
    "displayName": "HT&E LIMITED",
    "industry": "Media & Entertainment",
    "dateListed": "1992-05-07",
    "marketCap": 398194932,
    "xid": "46899",
    "priceChangeFiveDayPercent": -1.5384615384615399,
    "isRecentListing": false,
    "priceAsk": 1.315,
    "priceBid": 1.205,
    "priceChange": 0,
    "priceChangePercent": 0,
    "priceLast": 1.28,
    "sector": "Communication Services",
    "industryGroup": "Media & Entertainment",
    "securityType": 1,
    "volume": 173591,
    "statusCode": "",
    "isin": "AU000000HT18",
    "priceClose": 1.28,
    "priceDayHigh": 1.3,
    "priceDayLow": 1.2550000000000001,
    "priceFiftyTwoWeekHigh": 2.2,
    "priceFiftyTwoWeekLow": 1.08,
    "volumeAverage": 191127.478723,
    "dateExDate": "2022-08-25",
    "datePayDate": "2022-09-15",
    "dateRecordDate": "2022-08-26",
    "dividend": 0.05,
    "dividendType": "I",
    "frankingPercent": 100,
    "cashFlow": -13.026,
    "earningsPerShare": 0.10273,
    "freeCashFlowYield": 0.13216901244635593,
    "priceEarningsRatio": 12.45985,
    "priceToCash": 7.56607,
    "foreignExempt": false,
    "shareDescription": "Ordinary Fully Paid",
    "numOfShares": 311089791,
    "yieldAnnual": 6.953125,
    "incomeStatement": [
      {
        "revenue": 225036000,
        "netIncome": 14830000,
        "period": "2021A",
        "fPeriodEndDate": 44561,
        "curCode": "AUD"
      },
      {
        "revenue": 197270000,
        "netIncome": -42501000,
        "period": "2020A",
        "fPeriodEndDate": 44196,
        "curCode": "AUD"
      },
      {
        "revenue": 252691000,
        "netIncome": -14195000,
        "period": "2019A",
        "fPeriodEndDate": 43830,
        "curCode": "AUD"
      },
      {
        "revenue": 271777000,
        "netIncome": 225544000,
        "period": "2018A",
        "fPeriodEndDate": 43465,
        "curCode": "AUD"
      }
    ]
  },
  {
    "symbol": "ICI",
    "displayName": "ICANDY INTERACTIVE LIMITED",
    "industry": "Media & Entertainment",
    "dateListed": "2016-02-04",
    "marketCap": 90216490,
    "xid": "322656327",
    "priceChangeFiveDayPercent": -2.7777777777777612,
    "isRecentListing": false,
    "priceAsk": 0.07200000000000001,
    "priceBid": 0.069,
    "priceChange": 0,
    "priceChangePercent": 0,
    "priceLast": 0.07,
    "sector": "Communication Services",
    "industryGroup": "Media & Entertainment",
    "securityType": 1,
    "volume": 351481,
    "statusCode": "",
    "isin": "AU000000ICI5",
    "priceClose": 0.07,
    "priceDayHigh": 0.07200000000000001,
    "priceDayLow": 0.068,
    "priceFiftyTwoWeekHigh": 0.195,
    "priceFiftyTwoWeekLow": 0.05,
    "volumeAverage": 3560129.680851,
    "cashFlow": 2.37177,
    "earningsPerShare": -0.0043,
    "freeCashFlowYield": -0.0000100000010000001,
    "priceEarningsRatio": -99999.99,
    "priceToCash": -99999.99,
    "foreignExempt": false,
    "shareDescription": "Ordinary Fully Paid",
    "numOfShares": 1288807005,
    "yieldAnnual": 0,
    "incomeStatement": [
      {
        "revenue": 2045070,
        "netIncome": -4122880,
        "period": "2021A",
        "fPeriodEndDate": 44561,
        "curCode": "AUD"
      },
      {
        "revenue": 4103540,
        "netIncome": -435780,
        "period": "2020A",
        "fPeriodEndDate": 44196,
        "curCode": "AUD"
      },
      {
        "revenue": 2484910,
        "netIncome": -2223260,
        "period": "2019A",
        "fPeriodEndDate": 43830,
        "curCode": "AUD"
      },
      {
        "revenue": 2976130,
        "netIncome": -3445410,
        "period": "2018A",
        "fPeriodEndDate": 43465,
        "curCode": "AUD"
      }
    ]
  },
  {
    "symbol": "IMS",
    "displayName": "IMPELUS LIMITED",
    "industry": "Media & Entertainment",
    "dateListed": "2000-05-11",
    "marketCap": -1,
    "xid": "135960",
    "priceChangeFiveDayPercent": 0,
    "isRecentListing": false,
    "priceChange": 0,
    "priceChangePercent": 0,
    "priceLast": 0.006,
    "sector": "Communication Services",
    "industryGroup": "Media & Entertainment",
    "securityType": 1,
    "volume": 0,
    "statusCode": "RE",
    "isin": "AU000000IMS3",
    "priceClose": 0.006,
    "priceFiftyTwoWeekHigh": 0.805,
    "priceFiftyTwoWeekLow": 0.5750000000000001,
    "cashFlow": -0.51404,
    "earningsPerShare": -0.00481,
    "freeCashFlowYield": -0.0000100000010000001,
    "priceEarningsRatio": -99999.99,
    "priceToCash": -99999.99,
    "foreignExempt": false,
    "shareDescription": "Ordinary Fully Paid",
    "numOfShares": 126384301,
    "yieldAnnual": 0,
    "incomeStatement": [
      {
        "revenue": 0,
        "netIncome": -352820,
        "period": "2022A",
        "fPeriodEndDate": 44742,
        "curCode": "AUD"
      },
      {
        "revenue": 1917300,
        "netIncome": 1185330,
        "period": "2021A",
        "fPeriodEndDate": 44377,
        "curCode": "AUD"
      },
      {
        "revenue": 9416500,
        "netIncome": -6520080,
        "period": "2020A",
        "fPeriodEndDate": 44012,
        "curCode": "AUD"
      },
      {
        "revenue": 12091960,
        "netIncome": -12271660,
        "period": "2019A",
        "fPeriodEndDate": 43646,
        "curCode": "AUD"
      }
    ]
  },
  {
    "symbol": "IVO",
    "displayName": "INVIGOR GROUP LIMITED",
    "industry": "Media & Entertainment",
    "dateListed": "1999-12-03",
    "marketCap": -1,
    "xid": "51466437",
    "priceChangeFiveDayPercent": 0,
    "isRecentListing": false,
    "priceChange": 0,
    "priceChangePercent": 0,
    "priceLast": 0.009000000000000001,
    "sector": "Communication Services",
    "industryGroup": "Media & Entertainment",
    "securityType": 1,
    "volume": 0,
    "statusCode": "",
    "isin": "AU000000IVO3",
    "priceClose": 0.009000000000000001,
    "priceFiftyTwoWeekHigh": 0.1,
    "priceFiftyTwoWeekLow": 0.009,
    "volumeAverage": 219892.846154,
    "cashFlow": -1.907,
    "earningsPerShare": -0.23019,
    "freeCashFlowYield": -0.0000100000010000001,
    "priceEarningsRatio": -99999.99,
    "priceToCash": -99999.99,
    "foreignExempt": false,
    "shareDescription": "Ordinary Fully Paid",
    "numOfShares": 153199866,
    "yieldAnnual": 0,
    "incomeStatement": [
      {
        "revenue": 2237000,
        "netIncome": -2333000,
        "period": "2021A",
        "fPeriodEndDate": 44561,
        "curCode": "AUD"
      },
      {
        "revenue": 1790000,
        "netIncome": -4988000,
        "period": "2020A",
        "fPeriodEndDate": 44196,
        "curCode": "AUD"
      },
      {
        "revenue": 2030000,
        "netIncome": -13068000,
        "period": "2019A",
        "fPeriodEndDate": 43830,
        "curCode": "AUD"
      },
      {
        "revenue": 3441000,
        "netIncome": -12334000,
        "period": "2018A",
        "fPeriodEndDate": 43465,
        "curCode": "AUD"
      }
    ]
  },
  {
    "symbol": "IOU",
    "displayName": "IOUPAY LIMITED",
    "industry": "Media & Entertainment",
    "dateListed": "2000-10-12",
    "marketCap": 34902760,
    "xid": "50879081",
    "priceChangeFiveDayPercent": -9.090909090909099,
    "isRecentListing": false,
    "priceAsk": 0.062,
    "priceBid": 0.06,
    "priceChange": -0.0030000000000000027,
    "priceChangePercent": -4.761904761904766,
    "priceLast": 0.06,
    "sector": "Communication Services",
    "industryGroup": "Media & Entertainment",
    "securityType": 1,
    "volume": 520573,
    "statusCode": "",
    "isin": "AU0000108409",
    "priceClose": 0.063,
    "priceDayHigh": 0.063,
    "priceDayLow": 0.06,
    "priceFiftyTwoWeekHigh": 0.325,
    "priceFiftyTwoWeekLow": 0.038,
    "volumeAverage": 5497711.361702,
    "cashFlow": -21.77145,
    "earningsPerShare": -0.01738,
    "freeCashFlowYield": -0.0000100000010000001,
    "priceEarningsRatio": -99999.99,
    "priceToCash": -99999.99,
    "foreignExempt": false,
    "shareDescription": "Ordinary Fully Paid",
    "numOfShares": 554012065,
    "yieldAnnual": 0,
    "incomeStatement": [
      {
        "revenue": 8399810,
        "netIncome": -9623620,
        "period": "2022A",
        "fPeriodEndDate": 44742,
        "curCode": "AUD"
      },
      {
        "revenue": 7465540,
        "netIncome": -4793590,
        "period": "2021A",
        "fPeriodEndDate": 44377,
        "curCode": "AUD"
      },
      {
        "revenue": 6390850,
        "netIncome": -2610230,
        "period": "2020A",
        "fPeriodEndDate": 44012,
        "curCode": "AUD"
      },
      {
        "revenue": 6601150,
        "netIncome": -4698050,
        "period": "2019A",
        "fPeriodEndDate": 43646,
        "curCode": "AUD"
      }
    ]
  },
  {
    "symbol": "IGL",
    "displayName": "IVE GROUP LIMITED",
    "industry": "Media & Entertainment",
    "dateListed": "2015-12-16",
    "marketCap": 328635491,
    "xid": "320714862",
    "priceChangeFiveDayPercent": -6.122448979591833,
    "isRecentListing": false,
    "priceAsk": 2.32,
    "priceBid": 2.27,
    "priceChange": 0.010000000000000231,
    "priceChangePercent": 0.43668122270743365,
    "priceLast": 2.3000000000000003,
    "sector": "Communication Services",
    "industryGroup": "Media & Entertainment",
    "securityType": 1,
    "volume": 319192,
    "statusCode": "XD",
    "isin": "AU000000IGL0",
    "priceClose": 2.29,
    "priceDayHigh": 2.31,
    "priceDayLow": 2.27,
    "priceFiftyTwoWeekHigh": 2.54,
    "priceFiftyTwoWeekLow": 1.38,
    "volumeAverage": 239228.365591,
    "dateExDate": "2022-09-13",
    "datePayDate": "2022-10-13",
    "dateRecordDate": "2022-09-14",
    "dividend": 0.08,
    "dividendType": "F",
    "frankingPercent": 100,
    "cashFlow": 33.742,
    "earningsPerShare": 0.18589,
    "freeCashFlowYield": 0.20970339551738024,
    "priceEarningsRatio": 12.31911,
    "priceToCash": 4.76864,
    "foreignExempt": false,
    "shareDescription": "Ordinary Fully Paid",
    "numOfShares": 143508948,
    "yieldAnnual": 7.173913043478261,
    "incomeStatement": [
      {
        "revenue": 758976000,
        "netIncome": 26932000,
        "period": "2022A",
        "fPeriodEndDate": 44742,
        "curCode": "AUD"
      },
      {
        "revenue": 656457000,
        "netIncome": 29481000,
        "period": "2021A",
        "fPeriodEndDate": 44377,
        "curCode": "AUD"
      },
      {
        "revenue": 677362000,
        "netIncome": -20189000,
        "period": "2020A",
        "fPeriodEndDate": 44012,
        "curCode": "AUD"
      },
      {
        "revenue": 723597000,
        "netIncome": 31304000,
        "period": "2019A",
        "fPeriodEndDate": 43646,
        "curCode": "AUD"
      }
    ]
  },
  {
    "symbol": "KNM",
    "displayName": "KNEOMEDIA LIMITED",
    "industry": "Media & Entertainment",
    "dateListed": "1987-06-24",
    "marketCap": 32301064,
    "xid": "208214",
    "priceChangeFiveDayPercent": 0,
    "isRecentListing": false,
    "priceAsk": 0.026000000000000002,
    "priceBid": 0.023,
    "priceChange": 0,
    "priceChangePercent": 0,
    "priceLast": 0.024,
    "sector": "Communication Services",
    "industryGroup": "Media & Entertainment",
    "securityType": 1,
    "volume": 169662,
    "statusCode": "",
    "isin": "AU000000KNM0",
    "priceClose": 0.024,
    "priceDayHigh": 0.024,
    "priceDayLow": 0.024,
    "priceFiftyTwoWeekHigh": 0.031,
    "priceFiftyTwoWeekLow": 0.012,
    "volumeAverage": 1417303.923913,
    "cashFlow": -3.39867,
    "earningsPerShare": -0.00269,
    "freeCashFlowYield": -0.0000100000010000001,
    "priceEarningsRatio": -99999.99,
    "priceToCash": -99999.99,
    "foreignExempt": false,
    "shareDescription": "Ordinary Fully Paid",
    "numOfShares": 1345877673,
    "yieldAnnual": 0,
    "incomeStatement": [
      {
        "revenue": 344470,
        "netIncome": -3168950,
        "period": "2022A",
        "fPeriodEndDate": 44742,
        "curCode": "AUD"
      },
      {
        "revenue": 234190,
        "netIncome": -2801300,
        "period": "2021A",
        "fPeriodEndDate": 44377,
        "curCode": "AUD"
      },
      {
        "revenue": 162750,
        "netIncome": -3201770,
        "period": "2020A",
        "fPeriodEndDate": 44012,
        "curCode": "AUD"
      },
      {
        "revenue": 29080,
        "netIncome": -3509590,
        "period": "2019A",
        "fPeriodEndDate": 43646,
        "curCode": "AUD"
      }
    ]
  },
  {
    "symbol": "MKL",
    "displayName": "MIGHTY KINGDOM LIMITED",
    "industry": "Media & Entertainment",
    "dateListed": "2021-04-21",
    "marketCap": 8387879,
    "xid": "650657840",
    "priceChangeFiveDayPercent": 0,
    "isRecentListing": false,
    "priceAsk": 0.04,
    "priceBid": 0.038,
    "priceChange": 0,
    "priceChangePercent": 0,
    "priceLast": 0.04,
    "sector": "Communication Services",
    "industryGroup": "Media & Entertainment",
    "securityType": 1,
    "volume": 10000,
    "statusCode": "",
    "isin": "AU0000141517",
    "priceClose": 0.04,
    "priceDayHigh": 0.04,
    "priceDayLow": 0.04,
    "priceFiftyTwoWeekHigh": 0.21,
    "priceFiftyTwoWeekLow": 0.03,
    "volumeAverage": 394829.036145,
    "cashFlow": -13.42696,
    "earningsPerShare": -0.06588,
    "freeCashFlowYield": -0.0000100000010000001,
    "priceEarningsRatio": -99999.99,
    "priceToCash": -99999.99,
    "foreignExempt": false,
    "shareDescription": "Ordinary Fully Paid",
    "numOfShares": 209696967,
    "yieldAnnual": 0,
    "incomeStatement": [
      {
        "revenue": 4896570,
        "netIncome": -10861990,
        "period": "2022A",
        "fPeriodEndDate": 44742,
        "curCode": "AUD"
      },
      {
        "revenue": 6125630,
        "netIncome": -7145600,
        "period": "2021A",
        "fPeriodEndDate": 44377,
        "curCode": "AUD"
      },
      {
        "revenue": 4232310,
        "netIncome": -3589670,
        "period": "2020A",
        "fPeriodEndDate": 44012,
        "curCode": "AUD"
      },
      {
        "revenue": 3547990,
        "netIncome": -2109320,
        "period": "2019A",
        "fPeriodEndDate": 43646,
        "curCode": "AUD"
      }
    ]
  },
  {
    "symbol": "MIH",
    "displayName": "MNC MEDIA INVESTMENT LTD",
    "industry": "Media & Entertainment",
    "dateListed": "2013-09-13",
    "marketCap": -1,
    "xid": "67510869",
    "priceChangeFiveDayPercent": 0,
    "isRecentListing": false,
    "priceChange": 0,
    "priceChangePercent": 0,
    "priceLast": 3.6,
    "sector": "Communication Services",
    "industryGroup": "Media & Entertainment",
    "securityType": 1,
    "volume": 0,
    "statusCode": "",
    "isin": "AU000000MIH6",
    "priceClose": 3.6,
    "priceFiftyTwoWeekHigh": 3.6,
    "priceFiftyTwoWeekLow": 3.5,
    "cashFlow": 0.0608,
    "earningsPerShare": -0.0228,
    "freeCashFlowYield": -0.0000100000010000001,
    "priceEarningsRatio": -99999.99,
    "priceToCash": -99999.99,
    "foreignExempt": false,
    "shareDescription": "Chess Depositary Interests Us Prohibited 1:10",
    "numOfShares": 42143502,
    "yieldAnnual": 0,
    "incomeStatement": []
  },
  {
    "symbol": "MGG",
    "displayName": "MOGUL GAMES GROUP LTD",
    "industry": "Media & Entertainment",
    "dateListed": "2011-10-19",
    "marketCap": 6526882,
    "xid": "37208298",
    "priceChangeFiveDayPercent": 0,
    "isRecentListing": false,
    "priceAsk": 0.002,
    "priceBid": 0.001,
    "priceChange": 0,
    "priceChangePercent": 0,
    "priceLast": 0.002,
    "sector": "Communication Services",
    "industryGroup": "Media & Entertainment",
    "securityType": 1,
    "volume": 7937323,
    "statusCode": "",
    "isin": "AU0000224792",
    "priceClose": 0.002,
    "priceDayHigh": 0.002,
    "priceDayLow": 0.002,
    "priceFiftyTwoWeekHigh": 0.008,
    "priceFiftyTwoWeekLow": 0.001,
    "volumeAverage": 5303215.468354,
    "cashFlow": -2.68732,
    "earningsPerShare": -0.00116,
    "freeCashFlowYield": -0.0000100000010000001,
    "priceEarningsRatio": -99999.99,
    "priceToCash": -99999.99,
    "foreignExempt": false,
    "shareDescription": "Ordinary Fully Paid",
    "numOfShares": 3263441204,
    "yieldAnnual": 0,
    "incomeStatement": [
      {
        "revenue": 264310,
        "netIncome": -7126010,
        "period": "2021A",
        "fPeriodEndDate": 44561,
        "curCode": "AUD"
      },
      {
        "revenue": 303620,
        "netIncome": -5483430,
        "period": "2020A",
        "fPeriodEndDate": 44196,
        "curCode": "AUD"
      },
      {
        "revenue": 86990,
        "netIncome": -5920950,
        "period": "2019A",
        "fPeriodEndDate": 43830,
        "curCode": "AUD"
      },
      {
        "revenue": 14020,
        "netIncome": -4150430,
        "period": "2018A",
        "fPeriodEndDate": 43465,
        "curCode": "AUD"
      }
    ]
  },
  {
    "symbol": "MXO",
    "displayName": "MOTIO LTD",
    "industry": "Media & Entertainment",
    "dateListed": "2011-05-09",
    "marketCap": 10046484,
    "xid": "31367556",
    "priceChangeFiveDayPercent": -19.047619047619047,
    "isRecentListing": false,
    "priceAsk": 0.041,
    "priceBid": 0.038,
    "priceChange": -0.0049999999999999975,
    "priceChangePercent": -12.820512820512814,
    "priceLast": 0.034,
    "sector": "Communication Services",
    "industryGroup": "Media & Entertainment",
    "securityType": 1,
    "volume": 127778,
    "statusCode": "",
    "isin": "AU0000116402",
    "priceClose": 0.039,
    "priceDayHigh": 0.037,
    "priceDayLow": 0.034,
    "priceFiftyTwoWeekHigh": 0.11,
    "priceFiftyTwoWeekLow": 0.034,
    "volumeAverage": 175412.271186,
    "cashFlow": -2.17062,
    "earningsPerShare": -0.01521,
    "freeCashFlowYield": -0.0000100000010000001,
    "priceEarningsRatio": -99999.99,
    "priceToCash": -99999.99,
    "foreignExempt": false,
    "shareDescription": "Ordinary Fully Paid",
    "numOfShares": 257602157,
    "yieldAnnual": 0,
    "incomeStatement": [
      {
        "revenue": 4545810,
        "netIncome": -3672840,
        "period": "2022A",
        "fPeriodEndDate": 44742,
        "curCode": "AUD"
      },
      {
        "revenue": 3002590,
        "netIncome": -373510,
        "period": "2021A",
        "fPeriodEndDate": 44377,
        "curCode": "AUD"
      },
      {
        "revenue": 555390,
        "netIncome": -152600,
        "period": "2020A",
        "fPeriodEndDate": 44012,
        "curCode": "AUD"
      },
      {
        "revenue": 2922550,
        "netIncome": -1377650,
        "period": "2019A",
        "fPeriodEndDate": 43646,
        "curCode": "AUD"
      }
    ]
  },
  {
    "symbol": "NCL",
    "displayName": "NETCCENTRIC LIMITED",
    "industry": "Media & Entertainment",
    "dateListed": "2015-07-06",
    "marketCap": 18820276,
    "xid": "276540208",
    "priceChangeFiveDayPercent": -17.901234567901234,
    "isRecentListing": false,
    "priceAsk": 0.069,
    "priceBid": 0.061,
    "priceChange": 0,
    "priceChangePercent": 0,
    "priceLast": 0.0665,
    "sector": "Communication Services",
    "industryGroup": "Media & Entertainment",
    "securityType": 1,
    "volume": 0,
    "statusCode": "",
    "isin": "AU000000NCL9",
    "priceClose": 0.0665,
    "priceFiftyTwoWeekHigh": 0.175,
    "priceFiftyTwoWeekLow": 0.061,
    "volumeAverage": 71901.5,
    "cashFlow": -0.45432,
    "earningsPerShare": 0.00231,
    "freeCashFlowYield": 0.04466742422618155,
    "priceEarningsRatio": 28.75057,
    "priceToCash": 22.38768,
    "foreignExempt": false,
    "shareDescription": "Chess Depositary Interests 1:1",
    "numOfShares": 283011662,
    "yieldAnnual": 0,
    "incomeStatement": [
      {
        "revenue": 11520570,
        "netIncome": -795820,
        "period": "2021A",
        "fPeriodEndDate": 44561,
        "curCode": "SGD"
      },
      {
        "revenue": 7945150,
        "netIncome": 1770,
        "period": "2020A",
        "fPeriodEndDate": 44196,
        "curCode": "SGD"
      },
      {
        "revenue": 7289160,
        "netIncome": -319880,
        "period": "2019A",
        "fPeriodEndDate": 43830,
        "curCode": "SGD"
      },
      {
        "revenue": 8845070,
        "netIncome": -1340600,
        "period": "2018A",
        "fPeriodEndDate": 43465,
        "curCode": "SGD"
      }
    ]
  },
  {
    "symbol": "NWS",
    "displayName": "NEWS CORPORATION..",
    "industry": "Media & Entertainment",
    "dateListed": "2013-06-19",
    "marketCap": 14723941627,
    "xid": "58878598",
    "priceChangeFiveDayPercent": 0.1593625498007934,
    "isRecentListing": false,
    "priceAsk": 26,
    "priceBid": 23.7,
    "priceChange": -0.23999999999999844,
    "priceChangePercent": -0.9456264775413651,
    "priceLast": 25.14,
    "sector": "Communication Services",
    "industryGroup": "Media & Entertainment",
    "securityType": 1,
    "volume": 157239,
    "statusCode": "XD",
    "isin": "AU000000NWS2",
    "priceClose": 25.38,
    "priceDayHigh": 25.240000000000002,
    "priceDayLow": 24.900000000000002,
    "priceFiftyTwoWeekHigh": 35.04,
    "priceFiftyTwoWeekLow": 21.89,
    "volumeAverage": 198389.755319,
    "dateExDate": "2022-09-13",
    "datePayDate": "2022-10-12",
    "dateRecordDate": "2022-09-14",
    "dividend": 0.1009,
    "dividendType": "F",
    "frankingPercent": 0,
    "cashFlow": 680,
    "earningsPerShare": 1.05018,
    "freeCashFlowYield": 0.15007466214441686,
    "priceEarningsRatio": 15.6735,
    "priceToCash": 6.66335,
    "foreignExempt": false,
    "shareDescription": "Class B Voting Common Stock-cdi 1:1",
    "numOfShares": 580139544,
    "yieldAnnual": 0.7728719172633253,
    "incomeStatement": [
      {
        "revenue": 10385000000,
        "netIncome": 623000000,
        "period": "2022A",
        "fPeriodEndDate": 44742,
        "curCode": "USD"
      },
      {
        "revenue": 9358000000,
        "netIncome": 330000000,
        "period": "2021A",
        "fPeriodEndDate": 44377,
        "curCode": "USD"
      },
      {
        "revenue": 9008000000,
        "netIncome": -1269000000,
        "period": "2020A",
        "fPeriodEndDate": 44012,
        "curCode": "USD"
      },
      {
        "revenue": 10074000000,
        "netIncome": 155000000,
        "period": "2019A",
        "fPeriodEndDate": 43646,
        "curCode": "USD"
      }
    ]
  },
  {
    "symbol": "NWSLV",
    "displayName": "NEWS CORPORATION..",
    "industry": "Media & Entertainment",
    "dateListed": "2013-06-19",
    "marketCap": 14723941627,
    "xid": "58878599",
    "priceChangeFiveDayPercent": -1.2077294685990367,
    "isRecentListing": false,
    "priceAsk": 24.75,
    "priceChange": -0.3000000000000007,
    "priceChangePercent": -1.2077294685990367,
    "priceLast": 24.54,
    "sector": "Communication Services",
    "industryGroup": "Media & Entertainment",
    "securityType": 1,
    "volume": 900,
    "statusCode": "XD",
    "isin": "AU0000NWSLV3",
    "priceClose": 24.84,
    "priceDayHigh": 24.55,
    "priceDayLow": 24.53,
    "priceFiftyTwoWeekHigh": 34.97,
    "priceFiftyTwoWeekLow": 22.35,
    "volumeAverage": 73861.393939,
    "dateExDate": "2022-09-13",
    "datePayDate": "2022-10-12",
    "dateRecordDate": "2022-09-14",
    "dividend": 0.1009,
    "dividendType": "F",
    "frankingPercent": 0,
    "cashFlow": 680,
    "earningsPerShare": 1.05018,
    "freeCashFlowYield": 0.15007466214441686,
    "priceEarningsRatio": 15.6735,
    "priceToCash": 6.66335,
    "foreignExempt": false,
    "shareDescription": "Class A Non-voting Common Stock-cdi 1:1",
    "numOfShares": 580139544,
    "yieldAnnual": 0.7917685411572942,
    "incomeStatement": [
      {
        "revenue": 10385000000,
        "netIncome": 623000000,
        "period": "2022A",
        "fPeriodEndDate": 44742,
        "curCode": "USD"
      },
      {
        "revenue": 9358000000,
        "netIncome": 330000000,
        "period": "2021A",
        "fPeriodEndDate": 44377,
        "curCode": "USD"
      },
      {
        "revenue": 9008000000,
        "netIncome": -1269000000,
        "period": "2020A",
        "fPeriodEndDate": 44012,
        "curCode": "USD"
      },
      {
        "revenue": 10074000000,
        "netIncome": 155000000,
        "period": "2019A",
        "fPeriodEndDate": 43646,
        "curCode": "USD"
      }
    ]
  },
  {
    "symbol": "NEC",
    "displayName": "NINE ENTERTAINMENT CO. HOLDINGS LIMITED",
    "industry": "Media & Entertainment",
    "dateListed": "2013-12-06",
    "marketCap": 3581325831,
    "xid": "69996533",
    "priceChangeFiveDayPercent": 0,
    "isRecentListing": false,
    "priceAsk": 2.1,
    "priceBid": 2.04,
    "priceChange": -0.040000000000000036,
    "priceChangePercent": -1.9047619047619064,
    "priceLast": 2.06,
    "sector": "Communication Services",
    "industryGroup": "Media & Entertainment",
    "securityType": 1,
    "volume": 3399388,
    "statusCode": "XD",
    "isin": "AU000000NEC4",
    "priceClose": 2.1,
    "priceDayHigh": 2.1,
    "priceDayLow": 2.04,
    "priceFiftyTwoWeekHigh": 3.15,
    "priceFiftyTwoWeekLow": 1.74,
    "volumeAverage": 5291736.925532,
    "dateExDate": "2022-09-09",
    "datePayDate": "2022-10-20",
    "dateRecordDate": "2022-09-12",
    "dividend": 0.07,
    "dividendType": "F",
    "frankingPercent": 100,
    "cashFlow": 199.287,
    "earningsPerShare": 0.17401,
    "freeCashFlowYield": 0.1296717489347466,
    "priceEarningsRatio": 12.06827,
    "priceToCash": 7.71178,
    "foreignExempt": false,
    "shareDescription": "Ordinary Fully Paid",
    "numOfShares": 1705393253,
    "yieldAnnual": 6.796116504854369,
    "incomeStatement": [
      {
        "revenue": 2689915000,
        "netIncome": 297143000,
        "period": "2022A",
        "fPeriodEndDate": 44742,
        "curCode": "AUD"
      },
      {
        "revenue": 2332984000,
        "netIncome": 169364000,
        "period": "2021A",
        "fPeriodEndDate": 44377,
        "curCode": "AUD"
      },
      {
        "revenue": 2156785000,
        "netIncome": -589198000,
        "period": "2020A",
        "fPeriodEndDate": 44012,
        "curCode": "AUD"
      },
      {
        "revenue": 1854676000,
        "netIncome": 221229000,
        "period": "2019A",
        "fPeriodEndDate": 43646,
        "curCode": "AUD"
      }
    ]
  },
  {
    "symbol": "NZM",
    "displayName": "NZME LIMITED",
    "industry": "Media & Entertainment",
    "dateListed": "2016-06-27",
    "marketCap": 199772392,
    "xid": "352967031",
    "priceChangeFiveDayPercent": -3.2863849765258144,
    "isRecentListing": false,
    "priceAsk": 1.165,
    "priceBid": 1.03,
    "priceChange": -0.004999999999999893,
    "priceChangePercent": -0.4830917874396033,
    "priceLast": 1.03,
    "sector": "Communication Services",
    "industryGroup": "Media & Entertainment",
    "securityType": 1,
    "volume": 308858,
    "statusCode": "XD",
    "isin": "NZNZME0001S0",
    "priceClose": 1.035,
    "priceDayHigh": 1.04,
    "priceDayLow": 1.02,
    "priceFiftyTwoWeekHigh": 1.66,
    "priceFiftyTwoWeekLow": 0.9,
    "volumeAverage": 133633.741935,
    "dateExDate": "2022-09-14",
    "datePayDate": "2022-09-27",
    "dateRecordDate": "2022-09-15",
    "dividend": 0.027,
    "dividendType": "I",
    "frankingPercent": 0,
    "cashFlow": 14.52,
    "earningsPerShare": 0.18259,
    "freeCashFlowYield": 0.26498208721090455,
    "priceEarningsRatio": 6.5721,
    "priceToCash": 3.77384,
    "foreignExempt": true,
    "shareDescription": "Ordinary Fully Paid Foreign Exempt Nzx",
    "numOfShares": 193016804,
    "yieldAnnual": 7.16504854368932,
    "incomeStatement": [
      {
        "revenue": 348559000,
        "netIncome": 34645000,
        "period": "2021A",
        "fPeriodEndDate": 44561,
        "curCode": "NZD"
      },
      {
        "revenue": 322139000,
        "netIncome": 14787000,
        "period": "2020A",
        "fPeriodEndDate": 44196,
        "curCode": "NZD"
      },
      {
        "revenue": 371079000,
        "netIncome": -164665000,
        "period": "2019A",
        "fPeriodEndDate": 43830,
        "curCode": "NZD"
      },
      {
        "revenue": 388269000,
        "netIncome": 11735000,
        "period": "2018A",
        "fPeriodEndDate": 43465,
        "curCode": "NZD"
      }
    ]
  },
  {
    "symbol": "OML",
    "displayName": "OOH!MEDIA LIMITED",
    "industry": "Media & Entertainment",
    "dateListed": "2014-12-17",
    "marketCap": 808171929,
    "xid": "82191933",
    "priceChangeFiveDayPercent": -3.6231884057970887,
    "isRecentListing": false,
    "priceAsk": 1.33,
    "priceBid": 1.3,
    "priceChange": -0.020000000000000018,
    "priceChangePercent": -1.4814814814814827,
    "priceLast": 1.33,
    "sector": "Communication Services",
    "industryGroup": "Media & Entertainment",
    "securityType": 1,
    "volume": 946121,
    "statusCode": "XD",
    "isin": "AU000000OML6",
    "priceClose": 1.35,
    "priceDayHigh": 1.34,
    "priceDayLow": 1.295,
    "priceFiftyTwoWeekHigh": 2.04,
    "priceFiftyTwoWeekLow": 1.04,
    "volumeAverage": 1760303.159574,
    "dateExDate": "2022-08-31",
    "datePayDate": "2022-09-23",
    "dateRecordDate": "2022-09-01",
    "dividend": 0.015,
    "dividendType": "I",
    "frankingPercent": 100,
    "cashFlow": 165.505,
    "earningsPerShare": 0.00856,
    "freeCashFlowYield": 0.26451317672389857,
    "priceEarningsRatio": 157.7103,
    "priceToCash": 3.78053,
    "foreignExempt": false,
    "shareDescription": "Ordinary Fully Paid",
    "numOfShares": 598645873,
    "yieldAnnual": 1.8796992481203008,
    "incomeStatement": [
      {
        "revenue": 503734000,
        "netIncome": -10288000,
        "period": "2021A",
        "fPeriodEndDate": 44561,
        "curCode": "AUD"
      },
      {
        "revenue": 426525000,
        "netIncome": -36183000,
        "period": "2020A",
        "fPeriodEndDate": 44196,
        "curCode": "AUD"
      },
      {
        "revenue": 649606000,
        "netIncome": 13668000,
        "period": "2019A",
        "fPeriodEndDate": 43830,
        "curCode": "AUD"
      },
      {
        "revenue": 482647000,
        "netIncome": 29124000,
        "period": "2018A",
        "fPeriodEndDate": 43465,
        "curCode": "AUD"
      }
    ]
  },
  {
    "symbol": "PLY",
    "displayName": "PLAYSIDE STUDIOS LIMITED",
    "industry": "Media & Entertainment",
    "dateListed": "2020-12-17",
    "marketCap": 260226187,
    "xid": "631127543",
    "priceChangeFiveDayPercent": -8.955223880597023,
    "isRecentListing": false,
    "priceAsk": 0.61,
    "priceBid": 0.6,
    "priceChange": -0.030000000000000027,
    "priceChangePercent": -4.687500000000004,
    "priceLast": 0.61,
    "sector": "Communication Services",
    "industryGroup": "Media & Entertainment",
    "securityType": 1,
    "volume": 167849,
    "statusCode": "",
    "isin": "AU0000120636",
    "priceClose": 0.64,
    "priceDayHigh": 0.63,
    "priceDayLow": 0.595,
    "priceFiftyTwoWeekHigh": 1.42,
    "priceFiftyTwoWeekLow": 0.37,
    "volumeAverage": 328183.414894,
    "cashFlow": 0.542,
    "earningsPerShare": 0.01164,
    "freeCashFlowYield": 0.06284154379050137,
    "priceEarningsRatio": 54.98282,
    "priceToCash": 15.91304,
    "foreignExempt": false,
    "shareDescription": "Ordinary Fully Paid",
    "numOfShares": 406603417,
    "yieldAnnual": 0,
    "incomeStatement": [
      {
        "revenue": 29242000,
        "netIncome": 4850000,
        "period": "2022A",
        "fPeriodEndDate": 44742,
        "curCode": "AUD"
      },
      {
        "revenue": 10883000,
        "netIncome": -5879000,
        "period": "2021A",
        "fPeriodEndDate": 44377,
        "curCode": "AUD"
      },
      {
        "revenue": 7007580,
        "netIncome": 196230,
        "period": "2020A",
        "fPeriodEndDate": 44012,
        "curCode": "AUD"
      },
      {
        "revenue": 4312730,
        "netIncome": -51800,
        "period": "2019A",
        "fPeriodEndDate": 43646,
        "curCode": "AUD"
      }
    ]
  },
  {
    "symbol": "PRT",
    "displayName": "PRT COMPANY LIMITED",
    "industry": "Media & Entertainment",
    "dateListed": "1984-08-30",
    "marketCap": -1,
    "xid": "234083",
    "priceChangeFiveDayPercent": 0,
    "isRecentListing": false,
    "priceChange": 0,
    "priceChangePercent": 0,
    "priceLast": 0.465,
    "sector": "Communication Services",
    "industryGroup": "Media & Entertainment",
    "securityType": 1,
    "volume": 0,
    "statusCode": "",
    "isin": "AU000000PRT5",
    "priceClose": 0.465,
    "priceFiftyTwoWeekHigh": 0.465,
    "priceFiftyTwoWeekLow": 0.225,
    "dateExDate": "2022-01-27",
    "datePayDate": "2022-02-04",
    "dateRecordDate": "2022-01-28",
    "dividend": 0.26,
    "dividendType": "I",
    "frankingPercent": 100,
    "cashFlow": -98.676,
    "earningsPerShare": -99999.99,
    "freeCashFlowYield": -0.0000100000010000001,
    "priceEarningsRatio": -99999.99,
    "priceToCash": -99999.99,
    "foreignExempt": false,
    "shareDescription": "Ordinary Fully Paid",
    "numOfShares": 366330303,
    "yieldAnnual": 4.301075268817204,
    "incomeStatement": [
      {
        "revenue": 596000,
        "netIncome": 58602000,
        "period": "2022A",
        "fPeriodEndDate": 44742,
        "curCode": "AUD"
      },
      {
        "revenue": 0,
        "netIncome": 19545000,
        "period": "2021A",
        "fPeriodEndDate": 44377,
        "curCode": "AUD"
      },
      {
        "revenue": 163680000,
        "netIncome": 6611000,
        "period": "2020A",
        "fPeriodEndDate": 44012,
        "curCode": "AUD"
      },
      {
        "revenue": 191862000,
        "netIncome": 7348000,
        "period": "2019A",
        "fPeriodEndDate": 43646,
        "curCode": "AUD"
      }
    ]
  },
  {
    "symbol": "PPL",
    "displayName": "PUREPROFILE LTD",
    "industry": "Media & Entertainment",
    "dateListed": "2015-07-29",
    "marketCap": 39852816,
    "xid": "293458769",
    "priceChangeFiveDayPercent": -7.692307692307682,
    "isRecentListing": false,
    "priceAsk": 0.036000000000000004,
    "priceBid": 0.035,
    "priceChange": 0,
    "priceChangePercent": 0,
    "priceLast": 0.036000000000000004,
    "sector": "Communication Services",
    "industryGroup": "Media & Entertainment",
    "securityType": 1,
    "volume": 186670,
    "upcomingEventName": "Annual General Meeting",
    "statusCode": "",
    "isin": "AU000000PPL6",
    "priceClose": 0.036000000000000004,
    "priceDayHigh": 0.036000000000000004,
    "priceDayLow": 0.036000000000000004,
    "priceFiftyTwoWeekHigh": 0.088,
    "priceFiftyTwoWeekLow": 0.035,
    "volumeAverage": 1141035.857143,
    "cashFlow": 1.62194,
    "earningsPerShare": -0.00198,
    "freeCashFlowYield": 0.02715366585350489,
    "priceEarningsRatio": -99999.99,
    "priceToCash": 36.82744,
    "foreignExempt": false,
    "shareDescription": "Ordinary Fully Paid",
    "numOfShares": 1107022674,
    "yieldAnnual": 0,
    "incomeStatement": [
      {
        "revenue": 41710970,
        "netIncome": -2164280,
        "period": "2022A",
        "fPeriodEndDate": 44742,
        "curCode": "AUD"
      },
      {
        "revenue": 30002850,
        "netIncome": 2811160,
        "period": "2021A",
        "fPeriodEndDate": 44377,
        "curCode": "AUD"
      },
      {
        "revenue": 24186830,
        "netIncome": -9829480,
        "period": "2020A",
        "fPeriodEndDate": 44012,
        "curCode": "AUD"
      },
      {
        "revenue": 26735360,
        "netIncome": -14460040,
        "period": "2019A",
        "fPeriodEndDate": 43646,
        "curCode": "AUD"
      }
    ]
  },
  {
    "symbol": "R3D",
    "displayName": "R3D RESOURCES LIMITED",
    "industry": "Media & Entertainment",
    "dateListed": "2004-12-17",
    "marketCap": 10689223,
    "xid": "650816765",
    "priceChangeFiveDayPercent": 2.35294117647059,
    "isRecentListing": false,
    "priceAsk": 0.088,
    "priceBid": 0.085,
    "priceChange": 0.010000000000000009,
    "priceChangePercent": 12.987012987013,
    "priceLast": 0.08700000000000001,
    "sector": "Materials",
    "industryGroup": "Materials",
    "securityType": 1,
    "volume": 189302,
    "statusCode": "",
    "isin": "AU000000R3D8",
    "priceClose": 0.077,
    "priceDayHigh": 0.09,
    "priceDayLow": 0.08700000000000001,
    "priceFiftyTwoWeekHigh": 0.19566,
    "priceFiftyTwoWeekLow": 0.071,
    "volumeAverage": 152083.78481,
    "cashFlow": -2.66942,
    "earningsPerShare": -0.10577,
    "freeCashFlowYield": -0.0000100000010000001,
    "priceEarningsRatio": -99999.99,
    "priceToCash": -99999.99,
    "foreignExempt": false,
    "shareDescription": "Ordinary Fully Paid",
    "numOfShares": 138821084,
    "yieldAnnual": 0,
    "incomeStatement": [
      {
        "revenue": 196520,
        "netIncome": -885150,
        "period": "2021A",
        "fPeriodEndDate": 44377,
        "curCode": "AUD"
      },
      {
        "revenue": 257410,
        "netIncome": -301290,
        "period": "2020A",
        "fPeriodEndDate": 44012,
        "curCode": "AUD"
      },
      {
        "revenue": 249550,
        "netIncome": -413700,
        "period": "2019A",
        "fPeriodEndDate": 43646,
        "curCode": "AUD"
      },
      {
        "revenue": 128690,
        "netIncome": -617260,
        "period": "2018A",
        "fPeriodEndDate": 43281,
        "curCode": "AUD"
      }
    ]
  },
  {
    "symbol": "REA",
    "displayName": "REA GROUP LTD",
    "industry": "Media & Entertainment",
    "dateListed": "1999-12-01",
    "marketCap": 16227957764,
    "xid": "240471",
    "priceChangeFiveDayPercent": -3.489402852768151,
    "isRecentListing": false,
    "priceAsk": 120.97,
    "priceBid": 119.51,
    "priceChange": -3.069999999999993,
    "priceChangePercent": -2.499389399983712,
    "priceLast": 119.76,
    "sector": "Communication Services",
    "industryGroup": "Media & Entertainment",
    "securityType": 1,
    "volume": 141167,
    "statusCode": "",
    "isin": "AU000000REA9",
    "priceClose": 122.83,
    "priceDayHigh": 121.99000000000001,
    "priceDayLow": 118.77,
    "priceFiftyTwoWeekHigh": 180.67,
    "priceFiftyTwoWeekLow": 93.77,
    "volumeAverage": 209147.861702,
    "dateExDate": "2022-08-25",
    "datePayDate": "2022-09-15",
    "dateRecordDate": "2022-08-26",
    "dividend": 0.89,
    "dividendType": "F",
    "frankingPercent": 100,
    "cashFlow": 203.3,
    "earningsPerShare": 2.9255,
    "freeCashFlowYield": 0.02864192863290643,
    "priceEarningsRatio": 41.98599,
    "priceToCash": 34.91385,
    "foreignExempt": false,
    "shareDescription": "Ordinary Fully Paid",
    "numOfShares": 132117217,
    "yieldAnnual": 1.3694054776219104,
    "incomeStatement": [
      {
        "revenue": 1427400000,
        "netIncome": 384800000,
        "period": "2022A",
        "fPeriodEndDate": 44742,
        "curCode": "AUD"
      },
      {
        "revenue": 1005366000,
        "netIncome": 322677000,
        "period": "2021A",
        "fPeriodEndDate": 44377,
        "curCode": "AUD"
      },
      {
        "revenue": 881857000,
        "netIncome": 112373000,
        "period": "2020A",
        "fPeriodEndDate": 44012,
        "curCode": "AUD"
      },
      {
        "revenue": 941391000,
        "netIncome": 104997000,
        "period": "2019A",
        "fPeriodEndDate": 43646,
        "curCode": "AUD"
      }
    ]
  },
  {
    "symbol": "RNT",
    "displayName": "RENT.COM.AU LIMITED",
    "industry": "Media & Entertainment",
    "dateListed": "1994-05-26",
    "marketCap": 17627680,
    "xid": "275100048",
    "priceChangeFiveDayPercent": 2.6315789473684235,
    "isRecentListing": false,
    "priceAsk": 0.044,
    "priceBid": 0.035,
    "priceChange": -0.0010000000000000009,
    "priceChangePercent": -2.500000000000002,
    "priceLast": 0.039,
    "sector": "Communication Services",
    "industryGroup": "Media & Entertainment",
    "securityType": 1,
    "volume": 45227,
    "statusCode": "",
    "isin": "AU000000RNT0",
    "priceClose": 0.04,
    "priceDayHigh": 0.04,
    "priceDayLow": 0.039,
    "priceFiftyTwoWeekHigh": 0.105,
    "priceFiftyTwoWeekLow": 0.025,
    "volumeAverage": 486643.358696,
    "cashFlow": -2.95405,
    "earningsPerShare": -0.00658,
    "freeCashFlowYield": -0.0000100000010000001,
    "priceEarningsRatio": -99999.99,
    "priceToCash": -99999.99,
    "foreignExempt": false,
    "shareDescription": "Ordinary Fully Paid",
    "numOfShares": 440691998,
    "yieldAnnual": 0,
    "incomeStatement": [
      {
        "revenue": 3371160,
        "netIncome": -2741320,
        "period": "2022A",
        "fPeriodEndDate": 44742,
        "curCode": "AUD"
      },
      {
        "revenue": 3094860,
        "netIncome": -1271600,
        "period": "2021A",
        "fPeriodEndDate": 44377,
        "curCode": "AUD"
      },
      {
        "revenue": 2454190,
        "netIncome": -1664990,
        "period": "2020A",
        "fPeriodEndDate": 44012,
        "curCode": "AUD"
      },
      {
        "revenue": 2174430,
        "netIncome": -2497180,
        "period": "2019A",
        "fPeriodEndDate": 43646,
        "curCode": "AUD"
      }
    ]
  },
  {
    "symbol": "RXH",
    "displayName": "REWARDLE HOLDINGS LIMITED",
    "industry": "Media & Entertainment",
    "dateListed": "2014-10-07",
    "marketCap": 6842179,
    "xid": "79097234",
    "priceChangeFiveDayPercent": 7.6923076923077,
    "isRecentListing": false,
    "priceAsk": 0.015,
    "priceBid": 0.013000000000000001,
    "priceChange": 0.0009999999999999992,
    "priceChangePercent": 7.692307692307685,
    "priceLast": 0.014,
    "sector": "Communication Services",
    "industryGroup": "Media & Entertainment",
    "securityType": 1,
    "volume": 229830,
    "statusCode": "",
    "isin": "AU000000RXH4",
    "priceClose": 0.013000000000000001,
    "priceDayHigh": 0.014,
    "priceDayLow": 0.014,
    "priceFiftyTwoWeekHigh": 0.035,
    "priceFiftyTwoWeekLow": 0.008,
    "volumeAverage": 238165.155556,
    "cashFlow": 0.31215,
    "earningsPerShare": -0.00008,
    "freeCashFlowYield": -0.0000100000010000001,
    "priceEarningsRatio": -99999.99,
    "priceToCash": -99999.99,
    "foreignExempt": false,
    "shareDescription": "Ordinary Fully Paid",
    "numOfShares": 526321488,
    "yieldAnnual": 0,
    "incomeStatement": [
      {
        "revenue": 1753130,
        "netIncome": -41530,
        "period": "2022A",
        "fPeriodEndDate": 44742,
        "curCode": "AUD"
      },
      {
        "revenue": 485270,
        "netIncome": -564530,
        "period": "2021A",
        "fPeriodEndDate": 44377,
        "curCode": "AUD"
      },
      {
        "revenue": 601850,
        "netIncome": -757310,
        "period": "2020A",
        "fPeriodEndDate": 44012,
        "curCode": "AUD"
      },
      {
        "revenue": 1350190,
        "netIncome": -928560,
        "period": "2019A",
        "fPeriodEndDate": 43646,
        "curCode": "AUD"
      }
    ]
  },
  {
    "symbol": "RMY",
    "displayName": "RMA GLOBAL LIMITED",
    "industry": "Media & Entertainment",
    "dateListed": "2018-07-05",
    "marketCap": 95871927,
    "xid": "473078969",
    "priceChangeFiveDayPercent": -7.894736842105256,
    "isRecentListing": false,
    "priceAsk": 0.185,
    "priceBid": 0.17500000000000002,
    "priceChange": -0.024999999999999994,
    "priceChangePercent": -12.499999999999996,
    "priceLast": 0.17500000000000002,
    "sector": "Communication Services",
    "industryGroup": "Media & Entertainment",
    "securityType": 1,
    "volume": 47501,
    "statusCode": "",
    "isin": "AU0000013906",
    "priceClose": 0.2,
    "priceDayHigh": 0.18,
    "priceDayLow": 0.17500000000000002,
    "priceFiftyTwoWeekHigh": 0.26,
    "priceFiftyTwoWeekLow": 0.09,
    "volumeAverage": 175107.544304,
    "cashFlow": -4.5769,
    "earningsPerShare": -0.01399,
    "freeCashFlowYield": -0.0000100000010000001,
    "priceEarningsRatio": -99999.99,
    "priceToCash": -99999.99,
    "foreignExempt": false,
    "shareDescription": "Ordinary Fully Paid",
    "numOfShares": 479359637,
    "yieldAnnual": 0,
    "incomeStatement": [
      {
        "revenue": 15569070,
        "netIncome": -6707480,
        "period": "2022A",
        "fPeriodEndDate": 44742,
        "curCode": "AUD"
      },
      {
        "revenue": 11437240,
        "netIncome": -8854350,
        "period": "2021A",
        "fPeriodEndDate": 44377,
        "curCode": "AUD"
      },
      {
        "revenue": 7417930,
        "netIncome": -9686830,
        "period": "2020A",
        "fPeriodEndDate": 44012,
        "curCode": "AUD"
      },
      {
        "revenue": 7354390,
        "netIncome": -7244380,
        "period": "2019A",
        "fPeriodEndDate": 43646,
        "curCode": "AUD"
      }
    ]
  },
  {
    "symbol": "RLG",
    "displayName": "ROOLIFE GROUP LTD",
    "industry": "Media & Entertainment",
    "dateListed": "2016-11-16",
    "marketCap": 9831232,
    "xid": "371022659",
    "priceChangeFiveDayPercent": 0,
    "isRecentListing": false,
    "priceAsk": 0.014,
    "priceBid": 0.013000000000000001,
    "priceChange": 0,
    "priceChangePercent": 0,
    "priceLast": 0.014,
    "sector": "Communication Services",
    "industryGroup": "Media & Entertainment",
    "securityType": 1,
    "volume": 500000,
    "statusCode": "",
    "isin": "AU0000069726",
    "priceClose": 0.014,
    "priceDayHigh": 0.014,
    "priceDayLow": 0.014,
    "priceFiftyTwoWeekHigh": 0.026,
    "priceFiftyTwoWeekLow": 0.008,
    "volumeAverage": 791403.935897,
    "cashFlow": -4.14465,
    "earningsPerShare": -0.00386,
    "freeCashFlowYield": -0.0000100000010000001,
    "priceEarningsRatio": -99999.99,
    "priceToCash": -99999.99,
    "foreignExempt": false,
    "shareDescription": "Ordinary Fully Paid",
    "numOfShares": 702230863,
    "yieldAnnual": 0,
    "incomeStatement": [
      {
        "revenue": 16991900,
        "netIncome": -2648390,
        "period": "2022A",
        "fPeriodEndDate": 44742,
        "curCode": "AUD"
      },
      {
        "revenue": 9611230,
        "netIncome": -4991380,
        "period": "2021A",
        "fPeriodEndDate": 44377,
        "curCode": "AUD"
      },
      {
        "revenue": 3397120,
        "netIncome": -3442600,
        "period": "2020A",
        "fPeriodEndDate": 44012,
        "curCode": "AUD"
      },
      {
        "revenue": 711730,
        "netIncome": -3309490,
        "period": "2019A",
        "fPeriodEndDate": 43646,
        "curCode": "AUD"
      }
    ]
  },
  {
    "symbol": "SEK",
    "displayName": "SEEK LIMITED",
    "industry": "Media & Entertainment",
    "dateListed": "2005-04-19",
    "marketCap": 7207914261,
    "xid": "1602597",
    "priceChangeFiveDayPercent": -4.549763033175359,
    "isRecentListing": false,
    "priceAsk": 20.19,
    "priceBid": 20,
    "priceChange": -0.17999999999999972,
    "priceChangePercent": -0.8858267716535418,
    "priceLast": 20.14,
    "sector": "Communication Services",
    "industryGroup": "Media & Entertainment",
    "securityType": 1,
    "volume": 1061714,
    "statusCode": "XD",
    "isin": "AU000000SEK6",
    "priceClose": 20.32,
    "priceDayHigh": 20.14,
    "priceDayLow": 19.900000000000002,
    "priceFiftyTwoWeekHigh": 36.09,
    "priceFiftyTwoWeekLow": 19.11,
    "volumeAverage": 1244276.585106,
    "dateExDate": "2022-09-07",
    "datePayDate": "2022-10-04",
    "dateRecordDate": "2022-09-08",
    "dividend": 0.21,
    "dividendType": "F",
    "frankingPercent": 100,
    "cashFlow": 111.5,
    "earningsPerShare": 0.67789,
    "freeCashFlowYield": 0.04585237735406106,
    "priceEarningsRatio": 29.97536,
    "priceToCash": 21.80912,
    "foreignExempt": false,
    "shareDescription": "Ordinary Fully Paid",
    "numOfShares": 354720190,
    "yieldAnnual": 2.1847070506454815,
    "incomeStatement": [
      {
        "revenue": 1116500000,
        "netIncome": 168800000,
        "period": "2022A",
        "fPeriodEndDate": 44742,
        "curCode": "AUD"
      },
      {
        "revenue": 760300000,
        "netIncome": 752200000,
        "period": "2021A",
        "fPeriodEndDate": 44377,
        "curCode": "AUD"
      },
      {
        "revenue": 650600000,
        "netIncome": -113100000,
        "period": "2020A",
        "fPeriodEndDate": 44012,
        "curCode": "AUD"
      },
      {
        "revenue": 1557300000,
        "netIncome": 180300000,
        "period": "2019A",
        "fPeriodEndDate": 43646,
        "curCode": "AUD"
      }
    ]
  },
  {
    "symbol": "SWM",
    "displayName": "SEVEN WEST MEDIA LIMITED",
    "industry": "Media & Entertainment",
    "dateListed": "1992-01-09",
    "marketCap": 715553208,
    "xid": "283651",
    "priceChangeFiveDayPercent": -1.0869565217391313,
    "isRecentListing": false,
    "priceAsk": 0.46,
    "priceBid": 0.45,
    "priceChange": 0.0050000000000000044,
    "priceChangePercent": 1.111111111111112,
    "priceLast": 0.455,
    "sector": "Communication Services",
    "industryGroup": "Media & Entertainment",
    "securityType": 1,
    "volume": 7888245,
    "statusCode": "",
    "isin": "AU000000SWM4",
    "priceClose": 0.45,
    "priceDayHigh": 0.465,
    "priceDayLow": 0.445,
    "priceFiftyTwoWeekHigh": 0.815,
    "priceFiftyTwoWeekLow": 0.335,
    "volumeAverage": 4462760.606383,
    "dateExDate": "2017-09-25",
    "datePayDate": "2017-10-18",
    "dateRecordDate": "2017-09-26",
    "dividend": 0.02,
    "dividendType": "F",
    "frankingPercent": 100,
    "cashFlow": 132.856,
    "earningsPerShare": 0.13131,
    "freeCashFlowYield": 0.48161901046558114,
    "priceEarningsRatio": 3.427,
    "priceToCash": 2.07633,
    "foreignExempt": false,
    "shareDescription": "Ordinary Fully Paid",
    "numOfShares": 1590118239,
    "yieldAnnual": 0,
    "incomeStatement": [
      {
        "revenue": 1538537000,
        "netIncome": 211052000,
        "period": "2022A",
        "fPeriodEndDate": 44737,
        "curCode": "AUD"
      },
      {
        "revenue": 1269609000,
        "netIncome": 318088000,
        "period": "2021A",
        "fPeriodEndDate": 44373,
        "curCode": "AUD"
      },
      {
        "revenue": 1226371000,
        "netIncome": -163274000,
        "period": "2020A",
        "fPeriodEndDate": 44009,
        "curCode": "AUD"
      },
      {
        "revenue": 1423388000,
        "netIncome": -324294000,
        "period": "2019A",
        "fPeriodEndDate": 43645,
        "curCode": "AUD"
      }
    ]
  },
  {
    "symbol": "SKT",
    "displayName": "SKY NETWORK TELEVISION LIMITED.",
    "industry": "Media & Entertainment",
    "dateListed": "2005-07-04",
    "marketCap": 345009438,
    "xid": "2421359",
    "priceChangeFiveDayPercent": -6.024096385542179,
    "isRecentListing": false,
    "priceAsk": 2.05,
    "priceBid": 1.9000000000000001,
    "priceChange": -0.025000000000000133,
    "priceChangePercent": -1.2658227848101333,
    "priceLast": 1.95,
    "sector": "Communication Services",
    "industryGroup": "Media & Entertainment",
    "securityType": 1,
    "volume": 27821,
    "statusCode": "XD",
    "isin": "NZSKTE0001S6",
    "priceClose": 1.975,
    "priceDayHigh": 1.975,
    "priceDayLow": 1.895,
    "priceFiftyTwoWeekHigh": 2.7,
    "priceFiftyTwoWeekLow": 1.61,
    "volumeAverage": 38201.638298,
    "dateExDate": "2022-09-08",
    "datePayDate": "2022-09-23",
    "dateRecordDate": "2022-09-09",
    "dividend": 0.0654,
    "dividendType": "F",
    "frankingPercent": 0,
    "cashFlow": 74.955,
    "earningsPerShare": 0.35574,
    "freeCashFlowYield": 0.368809078604279,
    "priceEarningsRatio": 6.2124,
    "priceToCash": 2.71143,
    "foreignExempt": false,
    "shareDescription": "Ordinary Fully Paid",
    "numOfShares": 174688323,
    "yieldAnnual": 3.3538461538461535,
    "incomeStatement": [
      {
        "revenue": 752864000,
        "netIncome": 62145000,
        "period": "2022A",
        "fPeriodEndDate": 44742,
        "curCode": "NZD"
      },
      {
        "revenue": 724754000,
        "netIncome": 43957000,
        "period": "2021A",
        "fPeriodEndDate": 44377,
        "curCode": "NZD"
      },
      {
        "revenue": 747646000,
        "netIncome": -156979000,
        "period": "2020A",
        "fPeriodEndDate": 44012,
        "curCode": "NZD"
      },
      {
        "revenue": 795126000,
        "netIncome": -608158000,
        "period": "2019A",
        "fPeriodEndDate": 43646,
        "curCode": "NZD"
      }
    ]
  },
  {
    "symbol": "SXL",
    "displayName": "SOUTHERN CROSS MEDIA GROUP LIMITED",
    "industry": "Media & Entertainment",
    "dateListed": "2005-11-17",
    "marketCap": 244388633,
    "xid": "628775309",
    "priceChangeFiveDayPercent": -8.33333333333333,
    "isRecentListing": false,
    "priceAsk": 0.9400000000000001,
    "priceBid": 0.93,
    "priceChange": -0.020000000000000018,
    "priceChangePercent": -2.094240837696337,
    "priceLast": 0.935,
    "sector": "Communication Services",
    "industryGroup": "Media & Entertainment",
    "securityType": 1,
    "volume": 377301,
    "upcomingEventName": "AGM",
    "statusCode": "XD",
    "isin": "AU000000SXL4",
    "priceClose": 0.9550000000000001,
    "priceDayHigh": 0.96,
    "priceDayLow": 0.925,
    "priceFiftyTwoWeekHigh": 2.39,
    "priceFiftyTwoWeekLow": 0.905,
    "volumeAverage": 786145.308511,
    "dateExDate": "2022-09-01",
    "datePayDate": "2022-10-04",
    "dateRecordDate": "2022-09-02",
    "dividend": 0.0475,
    "dividendType": "F",
    "frankingPercent": 100,
    "cashFlow": -0.785,
    "earningsPerShare": -0.58094,
    "freeCashFlowYield": -0.0000100000010000001,
    "priceEarningsRatio": -99999.99,
    "priceToCash": -99999.99,
    "foreignExempt": false,
    "shareDescription": "Ordinary Fully Paid",
    "numOfShares": 255904328,
    "yieldAnnual": 9.893048128342246,
    "incomeStatement": [
      {
        "revenue": 519682000,
        "netIncome": -153722000,
        "period": "2022A",
        "fPeriodEndDate": 44742,
        "curCode": "AUD"
      },
      {
        "revenue": 528649000,
        "netIncome": 48096000,
        "period": "2021A",
        "fPeriodEndDate": 44377,
        "curCode": "AUD"
      },
      {
        "revenue": 540152000,
        "netIncome": 25100000,
        "period": "2020A",
        "fPeriodEndDate": 44012,
        "curCode": "AUD"
      },
      {
        "revenue": 660088000,
        "netIncome": -91395000,
        "period": "2019A",
        "fPeriodEndDate": 43646,
        "curCode": "AUD"
      }
    ]
  },
  {
    "symbol": "SEG",
    "displayName": "SPORTS ENTERTAINMENT GROUP LIMITED",
    "industry": "Media & Entertainment",
    "dateListed": "2000-11-28",
    "marketCap": 65278007,
    "xid": "231845",
    "priceChangeFiveDayPercent": -10.714285714285722,
    "isRecentListing": false,
    "priceAsk": 0.28,
    "priceBid": 0.25,
    "priceChange": 0,
    "priceChangePercent": 0,
    "priceLast": 0.25,
    "sector": "Communication Services",
    "industryGroup": "Media & Entertainment",
    "securityType": 1,
    "volume": 0,
    "statusCode": "",
    "isin": "AU0000121907",
    "priceClose": 0.25,
    "priceFiftyTwoWeekHigh": 0.335,
    "priceFiftyTwoWeekLow": 0.22,
    "volumeAverage": 31522.366667,
    "dateExDate": "2017-03-30",
    "datePayDate": "2017-04-28",
    "dateRecordDate": "2017-03-31",
    "dividend": 0.006,
    "dividendType": "I",
    "frankingPercent": 100,
    "cashFlow": 1.486,
    "earningsPerShare": 0.01325,
    "freeCashFlowYield": 0.18464117756757406,
    "priceEarningsRatio": 18.86792,
    "priceToCash": 5.41591,
    "foreignExempt": false,
    "shareDescription": "Ordinary Fully Paid",
    "numOfShares": 261112028,
    "yieldAnnual": 0,
    "incomeStatement": [
      {
        "revenue": 108982000,
        "netIncome": 3172000,
        "period": "2022A",
        "fPeriodEndDate": 44742,
        "curCode": "AUD"
      },
      {
        "revenue": 70419000,
        "netIncome": 2043000,
        "period": "2021A",
        "fPeriodEndDate": 44377,
        "curCode": "AUD"
      },
      {
        "revenue": 66785000,
        "netIncome": -4360000,
        "period": "2020A",
        "fPeriodEndDate": 44012,
        "curCode": "AUD"
      },
      {
        "revenue": 67007000,
        "netIncome": 3452000,
        "period": "2019A",
        "fPeriodEndDate": 43646,
        "curCode": "AUD"
      }
    ]
  },
  {
    "symbol": "SHO",
    "displayName": "SPORTSHERO LIMITED",
    "industry": "Media & Entertainment",
    "dateListed": "2008-06-12",
    "marketCap": 10826093,
    "xid": "11685444",
    "priceChangeFiveDayPercent": -9.52380952380953,
    "isRecentListing": false,
    "priceAsk": 0.024,
    "priceBid": 0.02,
    "priceChange": 0,
    "priceChangePercent": 0,
    "priceLast": 0.019,
    "sector": "Communication Services",
    "industryGroup": "Media & Entertainment",
    "securityType": 1,
    "volume": 0,
    "statusCode": "",
    "isin": "AU000000SHO1",
    "priceClose": 0.019,
    "priceFiftyTwoWeekHigh": 0.047,
    "priceFiftyTwoWeekLow": 0.017,
    "volumeAverage": 439713.783784,
    "cashFlow": -2.04295,
    "earningsPerShare": -0.00476,
    "freeCashFlowYield": -0.0000100000010000001,
    "priceEarningsRatio": -99999.99,
    "priceToCash": -99999.99,
    "foreignExempt": false,
    "shareDescription": "Ordinary Fully Paid",
    "numOfShares": 569794373,
    "yieldAnnual": 0,
    "incomeStatement": [
      {
        "revenue": 42030,
        "netIncome": -1714650,
        "period": "2022A",
        "fPeriodEndDate": 44742,
        "curCode": "USD"
      },
      {
        "revenue": 40570,
        "netIncome": -1479220,
        "period": "2021A",
        "fPeriodEndDate": 44377,
        "curCode": "USD"
      },
      {
        "revenue": 3430,
        "netIncome": -1259560,
        "period": "2020A",
        "fPeriodEndDate": 44012,
        "curCode": "USD"
      },
      {
        "revenue": 463790,
        "netIncome": -2276630,
        "period": "2019A",
        "fPeriodEndDate": 43646,
        "curCode": "USD"
      }
    ]
  },
  {
    "symbol": "STG",
    "displayName": "STRAKER TRANSLATIONS LIMITED",
    "industry": "Media & Entertainment",
    "dateListed": "2018-10-22",
    "marketCap": 85085254,
    "xid": "494868223",
    "priceChangeFiveDayPercent": 8.333333333333341,
    "isRecentListing": false,
    "priceAsk": 1.3,
    "priceBid": 1.19,
    "priceChange": 0.04499999999999993,
    "priceChangePercent": 3.5856573705179224,
    "priceLast": 1.3,
    "sector": "Industrials",
    "industryGroup": "Commercial & Professional Services",
    "securityType": 1,
    "volume": 11677,
    "statusCode": "",
    "isin": "AU0000026155",
    "priceClose": 1.2550000000000001,
    "priceDayHigh": 1.3,
    "priceDayLow": 1.285,
    "priceFiftyTwoWeekHigh": 1.79,
    "priceFiftyTwoWeekLow": 0.96,
    "volumeAverage": 30221.678161,
    "cashFlow": -4.47231,
    "earningsPerShare": -0.08387,
    "freeCashFlowYield": -0.0000100000010000001,
    "priceEarningsRatio": -99999.99,
    "priceToCash": -99999.99,
    "foreignExempt": false,
    "shareDescription": "Ordinary Fully Paid",
    "numOfShares": 67797015,
    "yieldAnnual": 0,
    "incomeStatement": [
      {
        "revenue": 55901000,
        "netIncome": -5912000,
        "period": "2022A",
        "fPeriodEndDate": 44651,
        "curCode": "NZD"
      },
      {
        "revenue": 31322000,
        "netIncome": -6016000,
        "period": "2021A",
        "fPeriodEndDate": 44286,
        "curCode": "NZD"
      },
      {
        "revenue": 27736000,
        "netIncome": -2522000,
        "period": "2020A",
        "fPeriodEndDate": 43921,
        "curCode": "NZD"
      },
      {
        "revenue": 24594000,
        "netIncome": -4329000,
        "period": "2019A",
        "fPeriodEndDate": 43555,
        "curCode": "NZD"
      }
    ]
  },
  {
    "symbol": "SW1",
    "displayName": "SWIFT NETWORKS GROUP LIMITED",
    "industry": "Media & Entertainment",
    "dateListed": "1994-06-30",
    "marketCap": 7541923,
    "xid": "84508",
    "priceChangeFiveDayPercent": -13.333333333333323,
    "isRecentListing": false,
    "priceAsk": 0.015,
    "priceBid": 0.013000000000000001,
    "priceChange": 0,
    "priceChangePercent": 0,
    "priceLast": 0.013000000000000001,
    "sector": "Communication Services",
    "industryGroup": "Media & Entertainment",
    "securityType": 1,
    "volume": 659798,
    "statusCode": "",
    "isin": "AU000000SW10",
    "priceClose": 0.013000000000000001,
    "priceDayHigh": 0.013000000000000001,
    "priceDayLow": 0.013000000000000001,
    "priceFiftyTwoWeekHigh": 0.028,
    "priceFiftyTwoWeekLow": 0.012,
    "volumeAverage": 344958.683333,
    "cashFlow": -0.37,
    "earningsPerShare": -0.00632,
    "freeCashFlowYield": -0.0000100000010000001,
    "priceEarningsRatio": -99999.99,
    "priceToCash": -99999.99,
    "foreignExempt": false,
    "shareDescription": "Ordinary Fully Paid",
    "numOfShares": 580147900,
    "yieldAnnual": 0,
    "incomeStatement": [
      {
        "revenue": 18518000,
        "netIncome": -3653000,
        "period": "2022A",
        "fPeriodEndDate": 44742,
        "curCode": "AUD"
      },
      {
        "revenue": 17607000,
        "netIncome": -4766000,
        "period": "2021A",
        "fPeriodEndDate": 44377,
        "curCode": "AUD"
      },
      {
        "revenue": 18102000,
        "netIncome": -21648000,
        "period": "2020A",
        "fPeriodEndDate": 44012,
        "curCode": "AUD"
      },
      {
        "revenue": 24872820,
        "netIncome": -6905500,
        "period": "2019A",
        "fPeriodEndDate": 43646,
        "curCode": "AUD"
      }
    ]
  },
  {
    "symbol": "TMH",
    "displayName": "THE MARKET HERALD LIMITED",
    "industry": "Media & Entertainment",
    "dateListed": "2016-09-15",
    "marketCap": 91954883,
    "xid": "363486607",
    "priceChangeFiveDayPercent": 4.255319148936175,
    "isRecentListing": false,
    "priceAsk": 0.49,
    "priceBid": 0.41000000000000003,
    "priceChange": 0.019999999999999962,
    "priceChangePercent": 4.255319148936162,
    "priceLast": 0.49,
    "sector": "Communication Services",
    "industryGroup": "Media & Entertainment",
    "securityType": 1,
    "volume": 5000,
    "statusCode": "",
    "isin": "AU0000092785",
    "priceClose": 0.47000000000000003,
    "priceDayHigh": 0.49,
    "priceDayLow": 0.49,
    "priceFiftyTwoWeekHigh": 0.70426,
    "priceFiftyTwoWeekLow": 0.32504,
    "volumeAverage": 33018.754894,
    "dateExDate": "2018-09-05",
    "datePayDate": "2018-09-28",
    "dateRecordDate": "2018-09-06",
    "dividend": 0.005,
    "dividendType": "F",
    "frankingPercent": 100,
    "cashFlow": -0.08306,
    "earningsPerShare": -0.02145,
    "freeCashFlowYield": -0.0000100000010000001,
    "priceEarningsRatio": -99999.99,
    "priceToCash": -99999.99,
    "foreignExempt": false,
    "shareDescription": "Ordinary Fully Paid",
    "numOfShares": 195648687,
    "yieldAnnual": 0,
    "incomeStatement": [
      {
        "revenue": 27891690,
        "netIncome": -4620730,
        "period": "2022A",
        "fPeriodEndDate": 44742,
        "curCode": "AUD"
      },
      {
        "revenue": 23001820,
        "netIncome": 10836990,
        "period": "2021A",
        "fPeriodEndDate": 44377,
        "curCode": "AUD"
      },
      {
        "revenue": 12035030,
        "netIncome": -347620,
        "period": "2020A",
        "fPeriodEndDate": 44012,
        "curCode": "AUD"
      },
      {
        "revenue": 4252110,
        "netIncome": -35380,
        "period": "2019A",
        "fPeriodEndDate": 43646,
        "curCode": "AUD"
      }
    ]
  },
  {
    "symbol": "TMHN",
    "displayName": "THE MARKET HERALD LIMITED",
    "industry": "Media & Entertainment",
    "dateListed": "2016-09-15",
    "marketCap": 91954883,
    "xid": "753414271",
    "priceChangeFiveDayPercent": 0,
    "isRecentListing": false,
    "priceChange": 0,
    "priceChangePercent": 0,
    "priceLast": 0,
    "sector": "Communication Services",
    "industryGroup": "Media & Entertainment",
    "securityType": 1,
    "volume": 0,
    "statusCode": "",
    "isin": "AU0000237836",
    "priceClose": 0,
    "priceFiftyTwoWeekHigh": 0,
    "priceFiftyTwoWeekLow": 0,
    "cashFlow": -0.08306,
    "earningsPerShare": -0.02145,
    "freeCashFlowYield": -0.0000100000010000001,
    "priceEarningsRatio": -99999.99,
    "priceToCash": -99999.99,
    "foreignExempt": false,
    "shareDescription": "Ordinary Fully Paid Deferred",
    "numOfShares": 195648687,
    "yieldAnnual": -32768,
    "incomeStatement": [
      {
        "revenue": 27891690,
        "netIncome": -4620730,
        "period": "2022A",
        "fPeriodEndDate": 44742,
        "curCode": "AUD"
      },
      {
        "revenue": 23001820,
        "netIncome": 10836990,
        "period": "2021A",
        "fPeriodEndDate": 44377,
        "curCode": "AUD"
      },
      {
        "revenue": 12035030,
        "netIncome": -347620,
        "period": "2020A",
        "fPeriodEndDate": 44012,
        "curCode": "AUD"
      },
      {
        "revenue": 4252110,
        "netIncome": -35380,
        "period": "2019A",
        "fPeriodEndDate": 43646,
        "curCode": "AUD"
      }
    ]
  },
  {
    "symbol": "TNY",
    "displayName": "TINYBEANS GROUP LTD",
    "industry": "Media & Entertainment",
    "dateListed": "2017-04-21",
    "marketCap": 15871569,
    "xid": "404061095",
    "priceChangeFiveDayPercent": 8.333333333333341,
    "isRecentListing": false,
    "priceAsk": 0.27,
    "priceBid": 0.25,
    "priceChange": 0,
    "priceChangePercent": 0,
    "priceLast": 0.26,
    "sector": "Communication Services",
    "industryGroup": "Media & Entertainment",
    "securityType": 1,
    "volume": 0,
    "statusCode": "",
    "isin": "AU000000TNY6",
    "priceClose": 0.26,
    "priceFiftyTwoWeekHigh": 1.2,
    "priceFiftyTwoWeekLow": 0.16,
    "volumeAverage": 56040.213333,
    "cashFlow": -4.63856,
    "earningsPerShare": -0.11487,
    "freeCashFlowYield": -0.0000100000010000001,
    "priceEarningsRatio": -99999.99,
    "priceToCash": -99999.99,
    "foreignExempt": false,
    "shareDescription": "Ordinary Fully Paid",
    "numOfShares": 61044497,
    "yieldAnnual": 0,
    "incomeStatement": [
      {
        "revenue": 8709430,
        "netIncome": -3233950,
        "period": "2021A",
        "fPeriodEndDate": 44377,
        "curCode": "USD"
      },
      {
        "revenue": 4438510,
        "netIncome": -3921400,
        "period": "2020A",
        "fPeriodEndDate": 44012,
        "curCode": "USD"
      },
      {
        "revenue": 2947990,
        "netIncome": -2364610,
        "period": "2019A",
        "fPeriodEndDate": 43646,
        "curCode": "USD"
      },
      {
        "revenue": 1357050,
        "netIncome": -3196300,
        "period": "2018A",
        "fPeriodEndDate": 43281,
        "curCode": "USD"
      }
    ]
  }
]