[
  {
    "symbol": "ANZ",
    "displayName": "ANZ GROUP HOLDINGS LIMITED",
    "industry": "Banks",
    "dateListed": "1969-09-30",
    "marketCap": 73552452491,
    "xid": "46090",
    "priceChangeFiveDayPercent": 4.93254637436763,
    "isRecentListing": false,
    "priceAsk": 24.89,
    "priceBid": 24.87,
    "priceChange": 0.3999999999999986,
    "priceChangePercent": 1.6333197223356413,
    "priceLast": 24.89,
    "sector": "Financials",
    "industryGroup": "Banks",
    "securityType": 1,
    "volume": 5582960,
    "statusCode": "RE",
    "isin": "AU000000ANZ3",
    "priceClose": 24.490000000000002,
    "priceDayHigh": 24.91,
    "priceDayLow": 24.6,
    "priceFiftyTwoWeekHigh": 28.56256,
    "priceFiftyTwoWeekLow": 20.78449,
    "volumeAverage": 6137869.089888,
    "dateExDate": "2022-11-07",
    "datePayDate": "2022-12-15",
    "dateRecordDate": "2022-11-08",
    "dividend": 0.74,
    "dividendType": "F",
    "frankingPercent": 100,
    "cashFlow": 16392,
    "earningsPerShare": 2.3516,
    "freeCashFlowYield": 0.11076454116896466,
    "priceEarningsRatio": 10.41419,
    "priceToCash": 9.02816,
    "foreignExempt": false,
    "shareDescription": "Ordinary Fully Paid",
    "numOfShares": 3003366782,
    "yieldAnnual": 5.961616986525112,
    "incomeStatement": [
      {
        "revenue": 20713000000,
        "netIncome": 7119000000,
        "period": "2022A",
        "fPeriodEndDate": 44834,
        "curCode": "AUD"
      },
      {
        "revenue": 19114000000,
        "netIncome": 6162000000,
        "period": "2021A",
        "fPeriodEndDate": 44469,
        "curCode": "AUD"
      },
      {
        "revenue": 19796000000,
        "netIncome": 3577000000,
        "period": "2020A",
        "fPeriodEndDate": 44104,
        "curCode": "AUD"
      },
      {
        "revenue": 20247000000,
        "netIncome": 5953000000,
        "period": "2019A",
        "fPeriodEndDate": 43738,
        "curCode": "AUD"
      }
    ]
  },
  {
    "symbol": "AFG",
    "displayName": "AUSTRALIAN FINANCE GROUP LTD",
    "industry": "Banks",
    "dateListed": "2015-05-22",
    "marketCap": 420251675,
    "xid": "88582259",
    "priceChangeFiveDayPercent": 2.539682539682542,
    "isRecentListing": false,
    "priceAsk": 1.615,
    "priceBid": 1.605,
    "priceChange": 0.06000000000000005,
    "priceChangePercent": 3.858520900321547,
    "priceLast": 1.615,
    "sector": "Financials",
    "industryGroup": "Banks",
    "securityType": 1,
    "volume": 509261,
    "statusCode": "",
    "isin": "AU000000AFG9",
    "priceClose": 1.555,
    "priceDayHigh": 1.615,
    "priceDayLow": 1.54,
    "priceFiftyTwoWeekHigh": 2.59,
    "priceFiftyTwoWeekLow": 1.415,
    "volumeAverage": 405047.213483,
    "dateExDate": "2022-09-05",
    "datePayDate": "2022-09-21",
    "dateRecordDate": "2022-09-06",
    "dividend": 0.096,
    "dividendType": "F",
    "frankingPercent": 100,
    "cashFlow": 0.477,
    "earningsPerShare": 0.14217,
    "freeCashFlowYield": 0.10429464488716363,
    "priceEarningsRatio": 10.93761,
    "priceToCash": 9.58822,
    "foreignExempt": false,
    "shareDescription": "Ordinary Fully Paid",
    "numOfShares": 270258312,
    "yieldAnnual": 10.278637770897834,
    "incomeStatement": [
      {
        "revenue": 871258000,
        "netIncome": 38777000,
        "period": "2022A",
        "fPeriodEndDate": 44742,
        "curCode": "AUD"
      },
      {
        "revenue": 700523000,
        "netIncome": 51304000,
        "period": "2021A",
        "fPeriodEndDate": 44377,
        "curCode": "AUD"
      },
      {
        "revenue": 621692000,
        "netIncome": 38078000,
        "period": "2020A",
        "fPeriodEndDate": 44012,
        "curCode": "AUD"
      },
      {
        "revenue": 589326000,
        "netIncome": 33029000,
        "period": "2019A",
        "fPeriodEndDate": 43646,
        "curCode": "AUD"
      }
    ]
  },
  {
    "symbol": "ABA",
    "displayName": "AUSWIDE BANK LTD",
    "industry": "Banks",
    "dateListed": "1994-09-19",
    "marketCap": 267751706,
    "xid": "283903",
    "priceChangeFiveDayPercent": -1.0084033613445462,
    "isRecentListing": false,
    "priceAsk": 6.0200000000000005,
    "priceBid": 5.89,
    "priceChange": -0.010000000000000675,
    "priceChangePercent": -0.16949152542374024,
    "priceLast": 5.89,
    "sector": "Financials",
    "industryGroup": "Banks",
    "securityType": 1,
    "volume": 25207,
    "statusCode": "",
    "isin": "AU000000ABA1",
    "priceClose": 5.9,
    "priceDayHigh": 5.95,
    "priceDayLow": 5.86,
    "priceFiftyTwoWeekHigh": 7.19,
    "priceFiftyTwoWeekLow": 5.1,
    "volumeAverage": 37235.886364,
    "dateExDate": "2022-09-15",
    "datePayDate": "2022-09-30",
    "dateRecordDate": "2022-09-16",
    "dividend": 0.21,
    "dividendType": "F",
    "frankingPercent": 100,
    "cashFlow": 25.933,
    "earningsPerShare": 0.60493,
    "freeCashFlowYield": -0.0000100000010000001,
    "priceEarningsRatio": 9.75319,
    "priceToCash": -99999.99,
    "foreignExempt": false,
    "shareDescription": "Ordinary Fully Paid",
    "numOfShares": 45381645,
    "yieldAnnual": 7.130730050933786,
    "incomeStatement": [
      {
        "revenue": 94432000,
        "netIncome": 26132000,
        "period": "2022A",
        "fPeriodEndDate": 44742,
        "curCode": "AUD"
      },
      {
        "revenue": 88521000,
        "netIncome": 24155000,
        "period": "2021A",
        "fPeriodEndDate": 44377,
        "curCode": "AUD"
      },
      {
        "revenue": 80475000,
        "netIncome": 18504000,
        "period": "2020A",
        "fPeriodEndDate": 44012,
        "curCode": "AUD"
      },
      {
        "revenue": 72649000,
        "netIncome": 17201000,
        "period": "2019A",
        "fPeriodEndDate": 43646,
        "curCode": "AUD"
      }
    ]
  },
  {
    "symbol": "BOQ",
    "displayName": "BANK OF QUEENSLAND LIMITED.",
    "industry": "Banks",
    "dateListed": "1971-08-24",
    "marketCap": 4600019321,
    "xid": "64580",
    "priceChangeFiveDayPercent": 2.906976744186049,
    "isRecentListing": false,
    "priceAsk": 7.1000000000000005,
    "priceBid": 7.07,
    "priceChange": 0.03000000000000025,
    "priceChangePercent": 0.4255319148936206,
    "priceLast": 7.08,
    "sector": "Financials",
    "industryGroup": "Banks",
    "securityType": 1,
    "volume": 1220266,
    "statusCode": "",
    "isin": "AU000000BOQ8",
    "priceClose": 7.05,
    "priceDayHigh": 7.12,
    "priceDayLow": 7.04,
    "priceFiftyTwoWeekHigh": 8.71,
    "priceFiftyTwoWeekLow": 6.39,
    "volumeAverage": 2426813.719101,
    "dateExDate": "2022-10-27",
    "datePayDate": "2022-11-17",
    "dateRecordDate": "2022-10-28",
    "dividend": 0.24,
    "dividendType": "F",
    "frankingPercent": 100,
    "cashFlow": -1696,
    "earningsPerShare": 0.57771,
    "freeCashFlowYield": 0.12086899976067939,
    "priceEarningsRatio": 12.20335,
    "priceToCash": 8.27342,
    "foreignExempt": false,
    "shareDescription": "Ordinary Fully Paid",
    "numOfShares": 652485010,
    "yieldAnnual": 6.524822695035461,
    "incomeStatement": [
      {
        "revenue": 1700000000,
        "netIncome": 426000000,
        "period": "2022A",
        "fPeriodEndDate": 44804,
        "curCode": "AUD"
      },
      {
        "revenue": 1298000000,
        "netIncome": 369000000,
        "period": "2021A",
        "fPeriodEndDate": 44439,
        "curCode": "AUD"
      },
      {
        "revenue": 1156000000,
        "netIncome": 115000000,
        "period": "2020A",
        "fPeriodEndDate": 44074,
        "curCode": "AUD"
      },
      {
        "revenue": 1151000000,
        "netIncome": 298000000,
        "period": "2019A",
        "fPeriodEndDate": 43708,
        "curCode": "AUD"
      }
    ]
  },
  {
    "symbol": "BEN",
    "displayName": "BENDIGO AND ADELAIDE BANK LIMITED",
    "industry": "Banks",
    "dateListed": "1985-12-19",
    "marketCap": 5726202623,
    "xid": "59677",
    "priceChangeFiveDayPercent": 2.129817444219076,
    "isRecentListing": false,
    "priceAsk": 10.08,
    "priceBid": 10.05,
    "priceChange": -0.009999999999999787,
    "priceChangePercent": -0.09920634920634709,
    "priceLast": 10.07,
    "sector": "Financials",
    "industryGroup": "Banks",
    "securityType": 1,
    "volume": 881144,
    "statusCode": "",
    "isin": "AU000000BEN6",
    "priceClose": 10.08,
    "priceDayHigh": 10.15,
    "priceDayLow": 10.025,
    "priceFiftyTwoWeekHigh": 10.83,
    "priceFiftyTwoWeekLow": 7.71,
    "volumeAverage": 1776849.101124,
    "dateExDate": "2022-09-05",
    "datePayDate": "2022-09-29",
    "dateRecordDate": "2022-09-06",
    "dividend": 0.265,
    "dividendType": "F",
    "frankingPercent": 100,
    "cashFlow": -3478.1,
    "earningsPerShare": 0.77671,
    "freeCashFlowYield": 0.10267225066813968,
    "priceEarningsRatio": 12.97782,
    "priceToCash": 9.73973,
    "foreignExempt": false,
    "shareDescription": "Ordinary Fully Paid",
    "numOfShares": 568075657,
    "yieldAnnual": 5.2631578947368425,
    "incomeStatement": [
      {
        "revenue": 1710500000,
        "netIncome": 488100000,
        "period": "2022A",
        "fPeriodEndDate": 44742,
        "curCode": "AUD"
      },
      {
        "revenue": 1805400000,
        "netIncome": 524000000,
        "period": "2021A",
        "fPeriodEndDate": 44377,
        "curCode": "AUD"
      },
      {
        "revenue": 1634400000,
        "netIncome": 192800000,
        "period": "2020A",
        "fPeriodEndDate": 44012,
        "curCode": "AUD"
      },
      {
        "revenue": 1591600000,
        "netIncome": 376800000,
        "period": "2019A",
        "fPeriodEndDate": 43646,
        "curCode": "AUD"
      }
    ]
  },
  {
    "symbol": "BBC",
    "displayName": "BNK BANKING CORPORATION LIMITED",
    "industry": "Banks",
    "dateListed": "2012-05-22",
    "marketCap": 59359703,
    "xid": "43581989",
    "priceChangeFiveDayPercent": -0.9345794392523372,
    "isRecentListing": false,
    "priceAsk": 0.53,
    "priceBid": 0.505,
    "priceChange": 0.030000000000000027,
    "priceChangePercent": 6.000000000000005,
    "priceLast": 0.53,
    "sector": "Financials",
    "industryGroup": "Banks",
    "securityType": 1,
    "volume": 140379,
    "statusCode": "",
    "isin": "AU0000041857",
    "priceClose": 0.5,
    "priceDayHigh": 0.555,
    "priceDayLow": 0.53,
    "priceFiftyTwoWeekHigh": 1.305,
    "priceFiftyTwoWeekLow": 0.495,
    "volumeAverage": 46682.216867,
    "dateExDate": "2022-07-18",
    "datePayDate": "2022-07-26",
    "dateRecordDate": "2022-07-19",
    "dividend": 0.34,
    "dividendType": "I",
    "frankingPercent": 100,
    "cashFlow": -241.179,
    "earningsPerShare": -0.10638,
    "freeCashFlowYield": -0.0000100000010000001,
    "priceEarningsRatio": -99999.99,
    "priceToCash": -99999.99,
    "foreignExempt": false,
    "shareDescription": "Ordinary Fully Paid",
    "numOfShares": 118719405,
    "yieldAnnual": 0,
    "incomeStatement": [
      {
        "revenue": 14118000,
        "netIncome": 59787000,
        "period": "2022A",
        "fPeriodEndDate": 44742,
        "curCode": "AUD"
      },
      {
        "revenue": 22601000,
        "netIncome": 5660000,
        "period": "2021A",
        "fPeriodEndDate": 44377,
        "curCode": "AUD"
      },
      {
        "revenue": 309763000,
        "netIncome": 3824000,
        "period": "2020A",
        "fPeriodEndDate": 44012,
        "curCode": "AUD"
      },
      {
        "revenue": 199885000,
        "netIncome": 3614000,
        "period": "2019A",
        "fPeriodEndDate": 43646,
        "curCode": "AUD"
      }
    ]
  },
  {
    "symbol": "BFL",
    "displayName": "BSP FINANCIAL GROUP LIMITED",
    "industry": "Banks",
    "dateListed": "2021-05-25",
    "marketCap": 2266016898,
    "xid": "658401886",
    "priceChangeFiveDayPercent": -1.0204081632653024,
    "isRecentListing": false,
    "priceAsk": 4.8500000000000005,
    "priceBid": 4.82,
    "priceChange": 0,
    "priceChangePercent": 0,
    "priceLast": 4.8500000000000005,
    "sector": "Financials",
    "industryGroup": "Banks",
    "securityType": 1,
    "volume": 9109,
    "statusCode": "",
    "isin": "PG000A2PEAQ9",
    "priceClose": 4.8500000000000005,
    "priceDayHigh": 4.9,
    "priceDayLow": 4.8500000000000005,
    "priceFiftyTwoWeekHigh": 6,
    "priceFiftyTwoWeekLow": 4.15,
    "volumeAverage": 3367.594595,
    "dateExDate": "2022-09-23",
    "datePayDate": "2022-10-14",
    "dateRecordDate": "2022-09-26",
    "dividend": 0.1216,
    "dividendType": "I",
    "frankingPercent": 0,
    "cashFlow": 1043.775,
    "earningsPerShare": 0.86436,
    "freeCashFlowYield": 0.19899586685584544,
    "priceEarningsRatio": 5.61111,
    "priceToCash": 5.02523,
    "foreignExempt": false,
    "shareDescription": "Ordinary Fully Paid",
    "numOfShares": 467219979,
    "yieldAnnual": 0,
    "incomeStatement": [
      {
        "revenue": 2372046000,
        "netIncome": 1075218000,
        "period": "2021A",
        "fPeriodEndDate": 44561,
        "curCode": "PGK"
      },
      {
        "revenue": 2145650000,
        "netIncome": 806218000,
        "period": "2020A",
        "fPeriodEndDate": 44196,
        "curCode": "PGK"
      },
      {
        "revenue": 2171350000,
        "netIncome": 890363000,
        "period": "2019A",
        "fPeriodEndDate": 43830,
        "curCode": "PGK"
      },
      {
        "revenue": 2447337000,
        "netIncome": 844072000,
        "period": "2018A",
        "fPeriodEndDate": 43465,
        "curCode": "PGK"
      }
    ]
  },
  {
    "symbol": "CBA",
    "displayName": "COMMONWEALTH BANK OF AUSTRALIA.",
    "industry": "Banks",
    "dateListed": "1991-09-12",
    "marketCap": 179816108999,
    "xid": "70547",
    "priceChangeFiveDayPercent": 3.900503290747208,
    "isRecentListing": false,
    "priceAsk": 107.37,
    "priceBid": 107.32000000000001,
    "priceChange": 0.8500000000000085,
    "priceChangePercent": 0.7981220657277075,
    "priceLast": 107.35000000000001,
    "sector": "Financials",
    "industryGroup": "Banks",
    "securityType": 1,
    "volume": 1250653,
    "statusCode": "",
    "isin": "AU000000CBA7",
    "priceClose": 106.5,
    "priceDayHigh": 107.59,
    "priceDayLow": 106.33,
    "priceFiftyTwoWeekHigh": 109.2,
    "priceFiftyTwoWeekLow": 86.98,
    "volumeAverage": 2350041.775281,
    "dateExDate": "2022-08-17",
    "datePayDate": "2022-09-29",
    "dateRecordDate": "2022-08-18",
    "dividend": 2.1,
    "dividendType": "F",
    "frankingPercent": 100,
    "cashFlow": 16705,
    "earningsPerShare": 5.41646,
    "freeCashFlowYield": 0.06041171794010541,
    "priceEarningsRatio": 19.66229,
    "priceToCash": 16.55308,
    "foreignExempt": false,
    "shareDescription": "Ordinary Fully Paid",
    "numOfShares": 1688414169,
    "yieldAnnual": 3.615023474178404,
    "incomeStatement": [
      {
        "revenue": 25223000000,
        "netIncome": 10771000000,
        "period": "2022A",
        "fPeriodEndDate": 44742,
        "curCode": "AUD"
      },
      {
        "revenue": 24495000000,
        "netIncome": 10181000000,
        "period": "2021A",
        "fPeriodEndDate": 44377,
        "curCode": "AUD"
      },
      {
        "revenue": 24039000000,
        "netIncome": 9592000000,
        "period": "2020A",
        "fPeriodEndDate": 44012,
        "curCode": "AUD"
      },
      {
        "revenue": 24409000000,
        "netIncome": 8571000000,
        "period": "2019A",
        "fPeriodEndDate": 43646,
        "curCode": "AUD"
      }
    ]
  },
  {
    "symbol": "HGH",
    "displayName": "HEARTLAND GROUP HOLDINGS LIMITED",
    "industry": "Banks",
    "dateListed": "2018-11-01",
    "marketCap": 1177886718,
    "xid": "498392960",
    "priceChangeFiveDayPercent": -0.892857142857137,
    "isRecentListing": false,
    "priceBid": 1.68,
    "priceChange": -0.004999999999999893,
    "priceChangePercent": -0.29940119760478406,
    "priceLast": 1.665,
    "sector": "Financials",
    "industryGroup": "Banks",
    "securityType": 1,
    "volume": 3326,
    "statusCode": "",
    "isin": "NZHGHE0007S9",
    "priceClose": 1.67,
    "priceDayHigh": 1.68,
    "priceDayLow": 1.6600000000000001,
    "priceFiftyTwoWeekHigh": 2.44,
    "priceFiftyTwoWeekLow": 1.45,
    "volumeAverage": 2780.157895,
    "dateExDate": "2022-08-25",
    "datePayDate": "2022-09-14",
    "dateRecordDate": "2022-08-26",
    "dividend": 0.049,
    "dividendType": "F",
    "frankingPercent": 0,
    "cashFlow": -330.173,
    "earningsPerShare": 0.16129,
    "freeCashFlowYield": 0.08243146441969486,
    "priceEarningsRatio": 11.28402,
    "priceToCash": 12.13129,
    "foreignExempt": true,
    "shareDescription": "Ordinary Fully Paid Foreign Exempt Nzx",
    "numOfShares": 705321388,
    "yieldAnnual": 0,
    "incomeStatement": [
      {
        "revenue": 283998000,
        "netIncome": 95125000,
        "period": "2022A",
        "fPeriodEndDate": 44742,
        "curCode": "NZD"
      },
      {
        "revenue": 254337000,
        "netIncome": 87026000,
        "period": "2021A",
        "fPeriodEndDate": 44377,
        "curCode": "NZD"
      },
      {
        "revenue": 239409000,
        "netIncome": 71972000,
        "period": "2020A",
        "fPeriodEndDate": 44012,
        "curCode": "NZD"
      },
      {
        "revenue": 211657000,
        "netIncome": 73617000,
        "period": "2019A",
        "fPeriodEndDate": 43646,
        "curCode": "NZD"
      }
    ]
  },
  {
    "symbol": "HLI",
    "displayName": "HELIA GROUP LIMITED",
    "industry": "Banks",
    "dateListed": "2014-05-20",
    "marketCap": 965901612,
    "xid": "74746746",
    "priceChangeFiveDayPercent": -3.9285714285714244,
    "isRecentListing": false,
    "priceAsk": 2.74,
    "priceBid": 2.69,
    "priceChange": -0.0900000000000003,
    "priceChangePercent": -3.2374100719424566,
    "priceLast": 2.69,
    "sector": "Financials",
    "industryGroup": "Banks",
    "securityType": 1,
    "volume": 795640,
    "statusCode": "",
    "isin": "AU0000251498",
    "priceClose": 2.7800000000000002,
    "priceDayHigh": 2.7800000000000002,
    "priceDayLow": 2.69,
    "priceFiftyTwoWeekHigh": 3.19,
    "priceFiftyTwoWeekLow": 2.03,
    "volumeAverage": 1185349.797753,
    "dateExDate": "2022-08-16",
    "datePayDate": "2022-08-31",
    "dateRecordDate": "2022-08-17",
    "dividend": 0.12,
    "dividendType": "I",
    "frankingPercent": 100,
    "cashFlow": 76.021,
    "earningsPerShare": 0.37043,
    "freeCashFlowYield": -0.0000100000010000001,
    "priceEarningsRatio": 7.50479,
    "priceToCash": -99999.99,
    "foreignExempt": false,
    "shareDescription": "Ordinary Fully Paid",
    "numOfShares": 347446623,
    "yieldAnnual": 13.382899628252789,
    "incomeStatement": [
      {
        "revenue": 359951000,
        "netIncome": 192821000,
        "period": "2021A",
        "fPeriodEndDate": 44561,
        "curCode": "AUD"
      },
      {
        "revenue": 401966000,
        "netIncome": -107582000,
        "period": "2020A",
        "fPeriodEndDate": 44196,
        "curCode": "AUD"
      },
      {
        "revenue": 437297000,
        "netIncome": 120084000,
        "period": "2019A",
        "fPeriodEndDate": 43830,
        "curCode": "AUD"
      },
      {
        "revenue": 359202000,
        "netIncome": 75668000,
        "period": "2018A",
        "fPeriodEndDate": 43465,
        "curCode": "AUD"
      }
    ]
  },
  {
    "symbol": "JDO",
    "displayName": "JUDO CAPITAL HOLDINGS LIMITED",
    "industry": "Banks",
    "dateListed": "2021-11-01",
    "marketCap": 1658279808,
    "xid": "686309643",
    "priceChangeFiveDayPercent": 8.86524822695037,
    "isRecentListing": false,
    "priceAsk": 1.54,
    "priceBid": 1.51,
    "priceChange": 0.03500000000000014,
    "priceChangePercent": 2.333333333333343,
    "priceLast": 1.5350000000000001,
    "sector": "Financials",
    "industryGroup": "Banks",
    "securityType": 1,
    "volume": 4970119,
    "statusCode": "",
    "isin": "AU0000182271",
    "priceClose": 1.5,
    "priceDayHigh": 1.54,
    "priceDayLow": 1.5,
    "priceFiftyTwoWeekHigh": 2.15,
    "priceFiftyTwoWeekLow": 1.045,
    "volumeAverage": 869784,
    "cashFlow": -1004.9,
    "earningsPerShare": -0.00696,
    "freeCashFlowYield": -0.0000100000010000001,
    "priceEarningsRatio": -99999.99,
    "priceToCash": -99999.99,
    "foreignExempt": false,
    "shareDescription": "Ordinary Fully Paid",
    "numOfShares": 1105519872,
    "yieldAnnual": 0,
    "incomeStatement": [
      {
        "revenue": 173000000,
        "netIncome": -7700000,
        "period": "2022A",
        "fPeriodEndDate": 44742,
        "curCode": "AUD"
      },
      {
        "revenue": 89796000,
        "netIncome": 28808000,
        "period": "2021A",
        "fPeriodEndDate": 44377,
        "curCode": "AUD"
      },
      {
        "revenue": 28256000,
        "netIncome": -50844000,
        "period": "2020A",
        "fPeriodEndDate": 44012,
        "curCode": "AUD"
      },
      {
        "revenue": 1356000,
        "netIncome": -27966000,
        "period": "2019A",
        "fPeriodEndDate": 43646,
        "curCode": "AUD"
      }
    ]
  },
  {
    "symbol": "KSL",
    "displayName": "KINA SECURITIES LIMITED",
    "industry": "Banks",
    "dateListed": "2015-07-30",
    "marketCap": 226679361,
    "xid": "293544879",
    "priceChangeFiveDayPercent": -2.453987730061338,
    "isRecentListing": false,
    "priceAsk": 0.795,
    "priceBid": 0.785,
    "priceChange": 0.0050000000000000044,
    "priceChangePercent": 0.6329113924050638,
    "priceLast": 0.795,
    "sector": "Financials",
    "industryGroup": "Banks",
    "securityType": 1,
    "volume": 628384,
    "statusCode": "",
    "isin": "PG000A143KS8",
    "priceClose": 0.79,
    "priceDayHigh": 0.805,
    "priceDayLow": 0.785,
    "priceFiftyTwoWeekHigh": 0.94,
    "priceFiftyTwoWeekLow": 0.76,
    "volumeAverage": 286996.314607,
    "dateExDate": "2022-09-05",
    "datePayDate": "2022-10-04",
    "dateRecordDate": "2022-09-06",
    "dividend": 0.0348,
    "dividendType": "I",
    "frankingPercent": 0,
    "cashFlow": 123.5232,
    "earningsPerShare": 0.10444,
    "freeCashFlowYield": 0.2022207887015201,
    "priceEarningsRatio": 7.56395,
    "priceToCash": 4.94509,
    "foreignExempt": false,
    "shareDescription": "Ordinary Fully Paid",
    "numOfShares": 286935900,
    "yieldAnnual": 11.861635220125786,
    "incomeStatement": [
      {
        "revenue": 271314000,
        "netIncome": 70810000,
        "period": "2021A",
        "fPeriodEndDate": 44561,
        "curCode": "PGK"
      },
      {
        "revenue": 254056000,
        "netIncome": 75974000,
        "period": "2020A",
        "fPeriodEndDate": 44196,
        "curCode": "PGK"
      },
      {
        "revenue": 165577000,
        "netIncome": 60871000,
        "period": "2019A",
        "fPeriodEndDate": 43830,
        "curCode": "PGK"
      },
      {
        "revenue": 124304000,
        "netIncome": 48093000,
        "period": "2018A",
        "fPeriodEndDate": 43465,
        "curCode": "PGK"
      }
    ]
  },
  {
    "symbol": "LFG",
    "displayName": "LIBERTY FINANCIAL GROUP",
    "industry": "Banks",
    "dateListed": "2020-12-15",
    "marketCap": 1168860000,
    "xid": "631711108",
    "priceChangeFiveDayPercent": -0.5128205128205133,
    "isRecentListing": false,
    "priceAsk": 3.99,
    "priceBid": 3.86,
    "priceChange": 0.029999999999999805,
    "priceChangePercent": 0.7792207792207742,
    "priceLast": 3.88,
    "sector": "Financials",
    "industryGroup": "Banks",
    "securityType": 6,
    "volume": 29696,
    "statusCode": "",
    "isin": "AU0000121634",
    "priceClose": 3.85,
    "priceDayHigh": 3.98,
    "priceDayLow": 3.87,
    "priceFiftyTwoWeekHigh": 5.61,
    "priceFiftyTwoWeekLow": 3.29,
    "volumeAverage": 70015.932584,
    "dateExDate": "2022-11-29",
    "datePayDate": "2022-12-15",
    "dateRecordDate": "2022-11-30",
    "dividend": 0.21,
    "dividendType": "I",
    "frankingPercent": 0,
    "cashFlow": -7.293,
    "earningsPerShare": 0.69283,
    "freeCashFlowYield": 0.20293525553607378,
    "priceEarningsRatio": 5.55692,
    "priceToCash": 4.92768,
    "foreignExempt": false,
    "shareDescription": "Fully Paid Ordinary/units Stapled Securities",
    "numOfShares": 303600000,
    "yieldAnnual": 0,
    "incomeStatement": [
      {
        "revenue": 869152000,
        "netIncome": 219627000,
        "period": "2022A",
        "fPeriodEndDate": 44742,
        "curCode": "AUD"
      },
      {
        "revenue": 853051000,
        "netIncome": 185918000,
        "period": "2021A",
        "fPeriodEndDate": 44377,
        "curCode": "AUD"
      },
      {
        "revenue": 852313000,
        "netIncome": 134838000,
        "period": "2020A",
        "fPeriodEndDate": 44012,
        "curCode": "AUD"
      },
      {
        "revenue": 810403000,
        "netIncome": 89583000,
        "period": "2019A",
        "fPeriodEndDate": 43646,
        "curCode": "AUD"
      }
    ]
  },
  {
    "symbol": "MYS",
    "displayName": "MYSTATE LIMITED",
    "industry": "Banks",
    "dateListed": "2009-09-10",
    "marketCap": 440559604,
    "xid": "20041842",
    "priceChangeFiveDayPercent": 0.7518796992481265,
    "isRecentListing": false,
    "priceAsk": 4.09,
    "priceBid": 4.0200000000000005,
    "priceChange": -0.019999999999999574,
    "priceChangePercent": -0.4950495049504845,
    "priceLast": 4.0200000000000005,
    "sector": "Financials",
    "industryGroup": "Banks",
    "securityType": 1,
    "volume": 97910,
    "statusCode": "",
    "isin": "AU000000MYS0",
    "priceClose": 4.04,
    "priceDayHigh": 4.12,
    "priceDayLow": 4.0200000000000005,
    "priceFiftyTwoWeekHigh": 5.35,
    "priceFiftyTwoWeekLow": 3.75,
    "volumeAverage": 76536.88764,
    "dateExDate": "2022-08-18",
    "datePayDate": "2022-09-07",
    "dateRecordDate": "2022-08-19",
    "dividend": 0.115,
    "dividendType": "F",
    "frankingPercent": 100,
    "cashFlow": -79.015,
    "earningsPerShare": 0.30338,
    "freeCashFlowYield": 0.09293179363937633,
    "priceEarningsRatio": 13.31663,
    "priceToCash": 10.76058,
    "foreignExempt": false,
    "shareDescription": "Ordinary Fully Paid",
    "numOfShares": 109049407,
    "yieldAnnual": 5.970149253731344,
    "incomeStatement": [
      {
        "revenue": 141022000,
        "netIncome": 32026000,
        "period": "2022A",
        "fPeriodEndDate": 44742,
        "curCode": "AUD"
      },
      {
        "revenue": 138520000,
        "netIncome": 36341000,
        "period": "2021A",
        "fPeriodEndDate": 44377,
        "curCode": "AUD"
      },
      {
        "revenue": 128860000,
        "netIncome": 30060000,
        "period": "2020A",
        "fPeriodEndDate": 44012,
        "curCode": "AUD"
      },
      {
        "revenue": 120414000,
        "netIncome": 30987000,
        "period": "2019A",
        "fPeriodEndDate": 43646,
        "curCode": "AUD"
      }
    ]
  },
  {
    "symbol": "N1H",
    "displayName": "N1 HOLDINGS LIMITED",
    "industry": "Banks",
    "dateListed": "2016-03-18",
    "marketCap": 17611115,
    "xid": "337658161",
    "priceChangeFiveDayPercent": -10.810810810810807,
    "isRecentListing": false,
    "priceAsk": 0.215,
    "priceBid": 0.165,
    "priceChange": -0.035,
    "priceChangePercent": -17.5,
    "priceLast": 0.165,
    "sector": "Financials",
    "industryGroup": "Banks",
    "securityType": 1,
    "volume": 24147,
    "statusCode": "",
    "isin": "AU000000N1H7",
    "priceClose": 0.2,
    "priceDayHigh": 0.18,
    "priceDayLow": 0.165,
    "priceFiftyTwoWeekHigh": 0.32,
    "priceFiftyTwoWeekLow": 0.16,
    "volumeAverage": 11275.212121,
    "dateExDate": "2022-10-06",
    "datePayDate": "2022-10-28",
    "dateRecordDate": "2022-10-07",
    "dividend": 0.0023,
    "dividendType": "F",
    "frankingPercent": 0,
    "cashFlow": 11.83531,
    "earningsPerShare": 0.01331,
    "freeCashFlowYield": 0.08812956456063448,
    "priceEarningsRatio": 15.0263,
    "priceToCash": 11.34693,
    "foreignExempt": false,
    "shareDescription": "Ordinary Fully Paid",
    "numOfShares": 88055573,
    "yieldAnnual": 1.393939393939394,
    "incomeStatement": [
      {
        "revenue": 11018750,
        "netIncome": 1102370,
        "period": "2022A",
        "fPeriodEndDate": 44742,
        "curCode": "AUD"
      },
      {
        "revenue": 5391870,
        "netIncome": 139570,
        "period": "2021A",
        "fPeriodEndDate": 44377,
        "curCode": "AUD"
      },
      {
        "revenue": 4153350,
        "netIncome": -1816690,
        "period": "2020A",
        "fPeriodEndDate": 44012,
        "curCode": "AUD"
      },
      {
        "revenue": 4092950,
        "netIncome": -2571340,
        "period": "2019A",
        "fPeriodEndDate": 43646,
        "curCode": "AUD"
      }
    ]
  },
  {
    "symbol": "NAB",
    "displayName": "NATIONAL AUSTRALIA BANK LIMITED",
    "industry": "Banks",
    "dateListed": "1962-01-31",
    "marketCap": 98632909277,
    "xid": "208940",
    "priceChangeFiveDayPercent": 5.500000000000008,
    "isRecentListing": false,
    "priceAsk": 31.7,
    "priceBid": 31.6,
    "priceChange": 0.3500000000000014,
    "priceChangePercent": 1.1182108626198128,
    "priceLast": 31.650000000000002,
    "sector": "Financials",
    "industryGroup": "Banks",
    "securityType": 1,
    "volume": 3589372,
    "statusCode": "",
    "isin": "AU000000NAB4",
    "priceClose": 31.3,
    "priceDayHigh": 31.735,
    "priceDayLow": 31.27,
    "priceFiftyTwoWeekHigh": 33.75,
    "priceFiftyTwoWeekLow": 25.43,
    "volumeAverage": 5284083.876404,
    "dateExDate": "2022-11-15",
    "datePayDate": "2022-12-14",
    "dateRecordDate": "2022-11-16",
    "dividend": 0.78,
    "dividendType": "F",
    "frankingPercent": 100,
    "cashFlow": 23138,
    "earningsPerShare": 2.10445,
    "freeCashFlowYield": 0.08284475638256715,
    "priceEarningsRatio": 14.87324,
    "priceToCash": 12.07077,
    "foreignExempt": false,
    "shareDescription": "Ordinary Fully Paid",
    "numOfShares": 3151211159,
    "yieldAnnual": 4.824281150159744,
    "incomeStatement": [
      {
        "revenue": 18766000000,
        "netIncome": 6891000000,
        "period": "2022A",
        "fPeriodEndDate": 44834,
        "curCode": "AUD"
      },
      {
        "revenue": 16962000000,
        "netIncome": 6364000000,
        "period": "2021A",
        "fPeriodEndDate": 44469,
        "curCode": "AUD"
      },
      {
        "revenue": 17353000000,
        "netIncome": 2559000000,
        "period": "2020A",
        "fPeriodEndDate": 44104,
        "curCode": "AUD"
      },
      {
        "revenue": 18519000000,
        "netIncome": 4798000000,
        "period": "2019A",
        "fPeriodEndDate": 43738,
        "curCode": "AUD"
      }
    ]
  },
  {
    "symbol": "PPM",
    "displayName": "PEPPER MONEY LIMITED",
    "industry": "Banks",
    "dateListed": "2021-05-25",
    "marketCap": 668310539,
    "xid": "658540994",
    "priceChangeFiveDayPercent": 3.3557046979865803,
    "isRecentListing": false,
    "priceAsk": 1.54,
    "priceBid": 1.52,
    "priceChange": 0.020000000000000018,
    "priceChangePercent": 1.3157894736842117,
    "priceLast": 1.54,
    "sector": "Financials",
    "industryGroup": "Banks",
    "securityType": 1,
    "volume": 84358,
    "statusCode": "",
    "isin": "AU0000150898",
    "priceClose": 1.52,
    "priceDayHigh": 1.54,
    "priceDayLow": 1.5,
    "priceFiftyTwoWeekHigh": 2.33,
    "priceFiftyTwoWeekLow": 1.105,
    "volumeAverage": 178825.191011,
    "dateExDate": "2022-09-14",
    "datePayDate": "2022-10-14",
    "dateRecordDate": "2022-09-15",
    "dividend": 0.054,
    "dividendType": "I",
    "frankingPercent": 100,
    "cashFlow": -3871.6,
    "earningsPerShare": 0.3097,
    "freeCashFlowYield": 0.2554200126688327,
    "priceEarningsRatio": 4.90798,
    "priceToCash": 3.91512,
    "foreignExempt": false,
    "shareDescription": "Ordinary Fully Paid",
    "numOfShares": 439677986,
    "yieldAnnual": 0,
    "incomeStatement": [
      {
        "revenue": 771300000,
        "netIncome": 312900000,
        "period": "2021A",
        "fPeriodEndDate": 44561,
        "curCode": "AUD"
      },
      {
        "revenue": 774122000,
        "netIncome": -29593000,
        "period": "2020A",
        "fPeriodEndDate": 44196,
        "curCode": "AUD"
      },
      {
        "revenue": 778955000,
        "netIncome": 49908000,
        "period": "2019A",
        "fPeriodEndDate": 43830,
        "curCode": "AUD"
      },
      {
        "revenue": 1080239000,
        "netIncome": 20513000,
        "period": "2018A",
        "fPeriodEndDate": 43465,
        "curCode": "AUD"
      }
    ]
  },
  {
    "symbol": "RMC",
    "displayName": "RESIMAC GROUP LTD",
    "industry": "Banks",
    "dateListed": "2001-03-19",
    "marketCap": 483031637,
    "xid": "148595",
    "priceChangeFiveDayPercent": 19.158878504672902,
    "isRecentListing": false,
    "priceAsk": 1.29,
    "priceBid": 1.1500000000000001,
    "priceChange": 0.08000000000000007,
    "priceChangePercent": 6.694560669456073,
    "priceLast": 1.2750000000000001,
    "sector": "Financials",
    "industryGroup": "Banks",
    "securityType": 1,
    "volume": 205715,
    "statusCode": "",
    "isin": "AU0000033094",
    "priceClose": 1.195,
    "priceDayHigh": 1.2750000000000001,
    "priceDayLow": 1.1300000000000001,
    "priceFiftyTwoWeekHigh": 2.05,
    "priceFiftyTwoWeekLow": 0.875,
    "volumeAverage": 143271.898876,
    "dateExDate": "2022-09-08",
    "datePayDate": "2022-09-23",
    "dateRecordDate": "2022-09-09",
    "dividend": 0.04,
    "dividendType": "F",
    "frankingPercent": 100,
    "cashFlow": -1616.853,
    "earningsPerShare": 0.24898,
    "freeCashFlowYield": 0.21655943365376915,
    "priceEarningsRatio": 4.79958,
    "priceToCash": 4.61767,
    "foreignExempt": false,
    "shareDescription": "Ordinary Fully Paid",
    "numOfShares": 404210575,
    "yieldAnnual": 6.2745098039215685,
    "incomeStatement": [
      {
        "revenue": 498873000,
        "netIncome": 102147000,
        "period": "2022A",
        "fPeriodEndDate": 44742,
        "curCode": "AUD"
      },
      {
        "revenue": 477493000,
        "netIncome": 107557000,
        "period": "2021A",
        "fPeriodEndDate": 44377,
        "curCode": "AUD"
      },
      {
        "revenue": 470645000,
        "netIncome": 55908000,
        "period": "2020A",
        "fPeriodEndDate": 44012,
        "curCode": "AUD"
      },
      {
        "revenue": 464215000,
        "netIncome": 47185000,
        "period": "2019A",
        "fPeriodEndDate": 43646,
        "curCode": "AUD"
      }
    ]
  },
  {
    "symbol": "VUK",
    "displayName": "VIRGIN MONEY UK PLC",
    "industry": "Banks",
    "dateListed": "2016-02-03",
    "marketCap": 4771775670,
    "xid": "325096015",
    "priceChangeFiveDayPercent": 0.8695652173912987,
    "isRecentListing": false,
    "priceAsk": 3.5,
    "priceBid": 3.48,
    "priceChange": 0.009999999999999787,
    "priceChangePercent": 0.28818443804033966,
    "priceLast": 3.48,
    "sector": "Financials",
    "industryGroup": "Banks",
    "securityType": 1,
    "volume": 1400842,
    "statusCode": "CD",
    "isin": "AU0000064966",
    "priceClose": 3.47,
    "priceDayHigh": 3.52,
    "priceDayLow": 3.47,
    "priceFiftyTwoWeekHigh": 4.1,
    "priceFiftyTwoWeekLow": 2.065,
    "volumeAverage": 3284786.898876,
    "dateExDate": "2023-02-09",
    "datePayDate": "2023-03-15",
    "dateRecordDate": "2023-02-10",
    "dividend": 0.1336,
    "dividendType": "F",
    "frankingPercent": 0,
    "cashFlow": 1800,
    "earningsPerShare": 0.32348,
    "freeCashFlowYield": 0.2648375221801425,
    "priceEarningsRatio": 6.07766,
    "priceToCash": 3.7759,
    "foreignExempt": true,
    "shareDescription": "Cdi 1:1 Foreign Exempt Lse",
    "numOfShares": 1375151490,
    "yieldAnnual": 5.121037463976946,
    "incomeStatement": [
      {
        "revenue": 1770000000,
        "netIncome": 537000000,
        "period": "2022A",
        "fPeriodEndDate": 44834,
        "curCode": "GBP"
      },
      {
        "revenue": 1532000000,
        "netIncome": 474000000,
        "period": "2021A",
        "fPeriodEndDate": 44469,
        "curCode": "GBP"
      },
      {
        "revenue": 1483000000,
        "netIncome": -141000000,
        "period": "2020A",
        "fPeriodEndDate": 44104,
        "curCode": "GBP"
      },
      {
        "revenue": 1781000000,
        "netIncome": -212000000,
        "period": "2019A",
        "fPeriodEndDate": 43738,
        "curCode": "GBP"
      }
    ]
  },
  {
    "symbol": "WBC",
    "displayName": "WESTPAC BANKING CORPORATION",
    "industry": "Banks",
    "dateListed": "1970-07-18",
    "marketCap": 83375668570,
    "xid": "283907",
    "priceChangeFiveDayPercent": 2.3962344886606703,
    "isRecentListing": false,
    "priceAsk": 23.97,
    "priceBid": 23.91,
    "priceChange": 0.16999999999999815,
    "priceChangePercent": 0.7154882154882076,
    "priceLast": 23.93,
    "sector": "Financials",
    "industryGroup": "Banks",
    "securityType": 1,
    "volume": 4756014,
    "statusCode": "",
    "isin": "AU000000WBC1",
    "priceClose": 23.76,
    "priceDayHigh": 24,
    "priceDayLow": 23.79,
    "priceFiftyTwoWeekHigh": 24.67,
    "priceFiftyTwoWeekLow": 18.8,
    "volumeAverage": 6767372.213483,
    "dateExDate": "2022-11-17",
    "datePayDate": "2022-12-20",
    "dateRecordDate": "2022-11-18",
    "dividend": 0.64,
    "dividendType": "F",
    "frankingPercent": 100,
    "cashFlow": 11359,
    "earningsPerShare": 1.52047,
    "freeCashFlowYield": 0.08308180317422338,
    "priceEarningsRatio": 15.62675,
    "priceToCash": 12.03633,
    "foreignExempt": false,
    "shareDescription": "Ordinary Fully Paid",
    "numOfShares": 3509076960,
    "yieldAnnual": 5.26094276094276,
    "incomeStatement": [
      {
        "revenue": 19875000000,
        "netIncome": 5694000000,
        "period": "2022A",
        "fPeriodEndDate": 44834,
        "curCode": "AUD"
      },
      {
        "revenue": 21450000000,
        "netIncome": 5458000000,
        "period": "2021A",
        "fPeriodEndDate": 44469,
        "curCode": "AUD"
      },
      {
        "revenue": 20391000000,
        "netIncome": 2290000000,
        "period": "2020A",
        "fPeriodEndDate": 44104,
        "curCode": "AUD"
      },
      {
        "revenue": 20949000000,
        "netIncome": 6784000000,
        "period": "2019A",
        "fPeriodEndDate": 43738,
        "curCode": "AUD"
      }
    ]
  },
  {
    "symbol": "YBR",
    "displayName": "YELLOW BRICK ROAD HOLDINGS LIMITED",
    "industry": "Banks",
    "dateListed": "2008-01-31",
    "marketCap": 28395186,
    "xid": "9687363",
    "priceChangeFiveDayPercent": -1.149425287356307,
    "isRecentListing": false,
    "priceAsk": 0.08700000000000001,
    "priceBid": 0.08600000000000001,
    "priceChange": -0.0010000000000000009,
    "priceChangePercent": -1.1494252873563227,
    "priceLast": 0.08600000000000001,
    "sector": "Financials",
    "industryGroup": "Banks",
    "securityType": 1,
    "volume": 7850,
    "statusCode": "",
    "isin": "AU000000YBR5",
    "priceClose": 0.08700000000000001,
    "priceDayHigh": 0.08700000000000001,
    "priceDayLow": 0.08600000000000001,
    "priceFiftyTwoWeekHigh": 0.14,
    "priceFiftyTwoWeekLow": 0.0795,
    "volumeAverage": 230715.390625,
    "cashFlow": 3.551,
    "earningsPerShare": -0.00757,
    "freeCashFlowYield": -0.0000100000010000001,
    "priceEarningsRatio": -99999.99,
    "priceToCash": -99999.99,
    "foreignExempt": false,
    "shareDescription": "Ordinary Fully Paid",
    "numOfShares": 326381450,
    "yieldAnnual": 0,
    "incomeStatement": [
      {
        "revenue": 308281000,
        "netIncome": -2459000,
        "period": "2022A",
        "fPeriodEndDate": 44742,
        "curCode": "AUD"
      },
      {
        "revenue": 168286000,
        "netIncome": -460000,
        "period": "2021A",
        "fPeriodEndDate": 44377,
        "curCode": "AUD"
      },
      {
        "revenue": 178923000,
        "netIncome": 5957000,
        "period": "2020A",
        "fPeriodEndDate": 44012,
        "curCode": "AUD"
      },
      {
        "revenue": 200974000,
        "netIncome": -37394000,
        "period": "2019A",
        "fPeriodEndDate": 43646,
        "curCode": "AUD"
      }
    ]
  }
]