[
  {
    "symbol": "1AG",
    "displayName": "ALTERRA LIMITED",
    "industry": "Food, Beverage & Tobacco",
    "dateListed": "2008-05-16",
    "marketCap": 8346631,
    "xid": "11027185",
    "priceChangeFiveDayPercent": 8.333333333333341,
    "isRecentListing": false,
    "priceAsk": 0.013000000000000001,
    "priceBid": 0.011,
    "priceChange": 0.0010000000000000009,
    "priceChangePercent": 8.333333333333341,
    "priceLast": 0.013000000000000001,
    "sector": "Consumer Staples",
    "industryGroup": "Food, Beverage & Tobacco",
    "securityType": 1,
    "volume": 400000,
    "statusCode": "",
    "isin": "AU0000001AG5",
    "priceClose": 0.012,
    "priceDayHigh": 0.013000000000000001,
    "priceDayLow": 0.012,
    "priceFiftyTwoWeekHigh": 0.03469,
    "priceFiftyTwoWeekLow": 0.01031,
    "volumeAverage": 219114.609722,
    "cashFlow": -5.06807,
    "earningsPerShare": -0.00537,
    "freeCashFlowYield": -0.0000100000010000001,
    "priceEarningsRatio": -99999.99,
    "priceToCash": -99999.99,
    "foreignExempt": false,
    "shareDescription": "Ordinary Fully Paid",
    "numOfShares": 695552548,
    "yieldAnnual": 0,
    "incomeStatement": [
      {
        "revenue": 426580,
        "netIncome": -2220860,
        "period": "2021A",
        "fPeriodEndDate": 44469,
        "curCode": "AUD"
      },
      {
        "revenue": 465330,
        "netIncome": -1506550,
        "period": "2020A",
        "fPeriodEndDate": 44104,
        "curCode": "AUD"
      },
      {
        "revenue": 700680,
        "netIncome": 931420,
        "period": "2019A",
        "fPeriodEndDate": 43738,
        "curCode": "AUD"
      },
      {
        "revenue": 344470,
        "netIncome": 342110,
        "period": "2018A",
        "fPeriodEndDate": 43373,
        "curCode": "AUD"
      }
    ]
  },
  {
    "symbol": "AAC",
    "displayName": "AUSTRALIAN AGRICULTURAL COMPANY LIMITED.",
    "industry": "Food, Beverage & Tobacco",
    "dateListed": "2001-08-10",
    "marketCap": 1081966311,
    "xid": "35993",
    "priceChangeFiveDayPercent": 2.005730659025783,
    "isRecentListing": false,
    "priceAsk": 1.795,
    "priceBid": 1.77,
    "priceChange": -0.014999999999999902,
    "priceChangePercent": -0.8356545961002732,
    "priceLast": 1.78,
    "sector": "Consumer Staples",
    "industryGroup": "Food, Beverage & Tobacco",
    "securityType": 1,
    "volume": 818574,
    "statusCode": "",
    "isin": "AU000000AAC9",
    "priceClose": 1.795,
    "priceDayHigh": 1.83,
    "priceDayLow": 1.7750000000000001,
    "priceFiftyTwoWeekHigh": 2.4,
    "priceFiftyTwoWeekLow": 1.39,
    "volumeAverage": 1240862.217391,
    "cashFlow": 9.07,
    "earningsPerShare": 0.2292,
    "freeCashFlowYield": 0.1465272313533109,
    "priceEarningsRatio": 7.74433,
    "priceToCash": 6.82467,
    "foreignExempt": false,
    "shareDescription": "Ordinary Fully Paid",
    "numOfShares": 602766747,
    "yieldAnnual": 0,
    "incomeStatement": [
      {
        "revenue": 276067000,
        "netIncome": 136930000,
        "period": "2022A",
        "fPeriodEndDate": 44651,
        "curCode": "AUD"
      },
      {
        "revenue": 265522000,
        "netIncome": 45474000,
        "period": "2021A",
        "fPeriodEndDate": 44286,
        "curCode": "AUD"
      },
      {
        "revenue": 334146000,
        "netIncome": 31317000,
        "period": "2020A",
        "fPeriodEndDate": 43921,
        "curCode": "AUD"
      },
      {
        "revenue": 364081000,
        "netIncome": -148396000,
        "period": "2019A",
        "fPeriodEndDate": 43555,
        "curCode": "AUD"
      }
    ]
  },
  {
    "symbol": "AAP",
    "displayName": "AUSTRALIAN AGRICULTURAL PROJECTS LIMITED",
    "industry": "Food, Beverage & Tobacco",
    "dateListed": "2004-01-07",
    "marketCap": 7017288,
    "xid": "233126",
    "priceChangeFiveDayPercent": 0,
    "isRecentListing": false,
    "priceAsk": 0.028,
    "priceBid": 0.024,
    "priceChange": 0,
    "priceChangePercent": 0,
    "priceLast": 0.023,
    "sector": "Consumer Staples",
    "industryGroup": "Food, Beverage & Tobacco",
    "securityType": 1,
    "volume": 0,
    "statusCode": "",
    "isin": "AU000000AAP1",
    "priceClose": 0.023,
    "priceFiftyTwoWeekHigh": 0.033,
    "priceFiftyTwoWeekLow": 0.019,
    "volumeAverage": 46269.035714,
    "cashFlow": 0.06575,
    "earningsPerShare": -0.0008,
    "freeCashFlowYield": 0.04718062725700326,
    "priceEarningsRatio": -99999.99,
    "priceToCash": 21.19514,
    "foreignExempt": false,
    "shareDescription": "Ordinary Fully Paid",
    "numOfShares": 305099476,
    "yieldAnnual": 0,
    "incomeStatement": [
      {
        "revenue": 2632750,
        "netIncome": -246590,
        "period": "2022A",
        "fPeriodEndDate": 44742,
        "curCode": "AUD"
      },
      {
        "revenue": 3319410,
        "netIncome": 978230,
        "period": "2021A",
        "fPeriodEndDate": 44377,
        "curCode": "AUD"
      },
      {
        "revenue": 1124180,
        "netIncome": -1479820,
        "period": "2020A",
        "fPeriodEndDate": 44012,
        "curCode": "AUD"
      },
      {
        "revenue": 2454260,
        "netIncome": -496000,
        "period": "2019A",
        "fPeriodEndDate": 43646,
        "curCode": "AUD"
      }
    ]
  },
  {
    "symbol": "AHF",
    "displayName": "AUSTRALIAN DAIRY NUTRITIONALS GROUP",
    "industry": "Food, Beverage & Tobacco",
    "dateListed": "2006-06-30",
    "marketCap": 37623191,
    "xid": "4950136",
    "priceChangeFiveDayPercent": -1.408450704225334,
    "isRecentListing": false,
    "priceAsk": 0.07,
    "priceBid": 0.068,
    "priceChange": 0.0020000000000000018,
    "priceChangePercent": 2.9411764705882377,
    "priceLast": 0.07,
    "sector": "Consumer Staples",
    "industryGroup": "Food, Beverage & Tobacco",
    "securityType": 6,
    "volume": 197588,
    "statusCode": "",
    "isin": "AU000000AHF7",
    "priceClose": 0.068,
    "priceDayHigh": 0.07,
    "priceDayLow": 0.066,
    "priceFiftyTwoWeekHigh": 0.105,
    "priceFiftyTwoWeekLow": 0.052,
    "volumeAverage": 421750.923913,
    "cashFlow": -6.90281,
    "earningsPerShare": -0.00799,
    "freeCashFlowYield": -0.0000100000010000001,
    "priceEarningsRatio": -99999.99,
    "priceToCash": -99999.99,
    "foreignExempt": false,
    "shareDescription": "Fully Paid Ordinary/units Stapled Securities",
    "numOfShares": 553282225,
    "yieldAnnual": 0,
    "incomeStatement": [
      {
        "revenue": 15062950,
        "netIncome": -4147680,
        "period": "2022A",
        "fPeriodEndDate": 44742,
        "curCode": "AUD"
      },
      {
        "revenue": 21714190,
        "netIncome": -6910840,
        "period": "2021A",
        "fPeriodEndDate": 44377,
        "curCode": "AUD"
      },
      {
        "revenue": 22467340,
        "netIncome": -7496090,
        "period": "2020A",
        "fPeriodEndDate": 44012,
        "curCode": "AUD"
      },
      {
        "revenue": 21373360,
        "netIncome": -4026030,
        "period": "2019A",
        "fPeriodEndDate": 43646,
        "curCode": "AUD"
      }
    ]
  },
  {
    "symbol": "AVG",
    "displayName": "AUSTRALIAN VINTAGE LTD",
    "industry": "Food, Beverage & Tobacco",
    "dateListed": "1992-03-26",
    "marketCap": 156635861,
    "xid": "200432",
    "priceChangeFiveDayPercent": -0.7936507936507944,
    "isRecentListing": false,
    "priceAsk": 0.625,
    "priceBid": 0.62,
    "priceChange": 0.0050000000000000044,
    "priceChangePercent": 0.8064516129032265,
    "priceLast": 0.625,
    "sector": "Consumer Staples",
    "industryGroup": "Food, Beverage & Tobacco",
    "securityType": 1,
    "volume": 3069,
    "statusCode": "CD",
    "isin": "AU000000AVG6",
    "priceClose": 0.62,
    "priceDayHigh": 0.625,
    "priceDayLow": 0.625,
    "priceFiftyTwoWeekHigh": 0.87,
    "priceFiftyTwoWeekLow": 0.605,
    "volumeAverage": 92450.880435,
    "dateExDate": "2022-11-24",
    "datePayDate": "2022-12-16",
    "dateRecordDate": "2022-11-25",
    "dividend": 0.034,
    "dividendType": "F",
    "frankingPercent": 60,
    "cashFlow": -2.823,
    "earningsPerShare": 0.06872,
    "freeCashFlowYield": 0.20262356998415487,
    "priceEarningsRatio": 9.16764,
    "priceToCash": 4.93526,
    "foreignExempt": false,
    "shareDescription": "Ordinary Fully Paid",
    "numOfShares": 252638486,
    "yieldAnnual": 5.44,
    "incomeStatement": [
      {
        "revenue": 260216000,
        "netIncome": 17333000,
        "period": "2022A",
        "fPeriodEndDate": 44742,
        "curCode": "AUD"
      },
      {
        "revenue": 274074000,
        "netIncome": 19603000,
        "period": "2021A",
        "fPeriodEndDate": 44377,
        "curCode": "AUD"
      },
      {
        "revenue": 267232000,
        "netIncome": 10953000,
        "period": "2020A",
        "fPeriodEndDate": 44012,
        "curCode": "AUD"
      },
      {
        "revenue": 269269000,
        "netIncome": 8123000,
        "period": "2019A",
        "fPeriodEndDate": 43646,
        "curCode": "AUD"
      }
    ]
  },
  {
    "symbol": "BGA",
    "displayName": "BEGA CHEESE LIMITED",
    "industry": "Food, Beverage & Tobacco",
    "dateListed": "2011-08-19",
    "marketCap": 1045411105,
    "xid": "36399294",
    "priceChangeFiveDayPercent": -1.7094017094016984,
    "isRecentListing": false,
    "priceAsk": 3.45,
    "priceBid": 3.43,
    "priceChange": 0.010000000000000231,
    "priceChangePercent": 0.2906976744186114,
    "priceLast": 3.45,
    "sector": "Consumer Staples",
    "industryGroup": "Food, Beverage & Tobacco",
    "securityType": 1,
    "volume": 683725,
    "statusCode": "",
    "isin": "AU000000BGA8",
    "priceClose": 3.44,
    "priceDayHigh": 3.45,
    "priceDayLow": 3.37,
    "priceFiftyTwoWeekHigh": 5.87,
    "priceFiftyTwoWeekLow": 3.12,
    "volumeAverage": 950308.543478,
    "dateExDate": "2022-08-31",
    "datePayDate": "2022-09-23",
    "dateRecordDate": "2022-09-01",
    "dividend": 0.055,
    "dividendType": "F",
    "frankingPercent": 100,
    "cashFlow": 57.7,
    "earningsPerShare": 0.07956,
    "freeCashFlowYield": 0.12093799508991741,
    "priceEarningsRatio": 43.74057,
    "priceToCash": 8.2687,
    "foreignExempt": false,
    "shareDescription": "Ordinary Fully Paid",
    "numOfShares": 303898577,
    "yieldAnnual": 3.1884057971014492,
    "incomeStatement": [
      {
        "revenue": 3009900000,
        "netIncome": 24200000,
        "period": "2022A",
        "fPeriodEndDate": 44742,
        "curCode": "AUD"
      },
      {
        "revenue": 2073400000,
        "netIncome": 78000000,
        "period": "2021A",
        "fPeriodEndDate": 44377,
        "curCode": "AUD"
      },
      {
        "revenue": 1493219000,
        "netIncome": 21268000,
        "period": "2020A",
        "fPeriodEndDate": 44012,
        "curCode": "AUD"
      },
      {
        "revenue": 1419952000,
        "netIncome": 4447000,
        "period": "2019A",
        "fPeriodEndDate": 43646,
        "curCode": "AUD"
      }
    ]
  },
  {
    "symbol": "BFC",
    "displayName": "BESTON GLOBAL FOOD COMPANY LIMITED",
    "industry": "Food, Beverage & Tobacco",
    "dateListed": "2015-08-28",
    "marketCap": 56438282,
    "xid": "297246159",
    "priceChangeFiveDayPercent": 18.181818181818187,
    "isRecentListing": false,
    "priceAsk": 0.065,
    "priceBid": 0.063,
    "priceChange": 0,
    "priceChangePercent": 0,
    "priceLast": 0.065,
    "sector": "Consumer Staples",
    "industryGroup": "Food, Beverage & Tobacco",
    "securityType": 1,
    "volume": 133329,
    "statusCode": "",
    "isin": "AU000000BFC6",
    "priceClose": 0.065,
    "priceDayHigh": 0.065,
    "priceDayLow": 0.062,
    "priceFiftyTwoWeekHigh": 0.096,
    "priceFiftyTwoWeekLow": 0.041,
    "volumeAverage": 1085305.582418,
    "dateExDate": "2016-09-07",
    "datePayDate": "2016-10-31",
    "dateRecordDate": "2016-09-08",
    "dividend": 0.006,
    "dividendType": "F",
    "frankingPercent": 0,
    "cashFlow": -25.024,
    "earningsPerShare": -0.02522,
    "freeCashFlowYield": -0.0000100000010000001,
    "priceEarningsRatio": -99999.99,
    "priceToCash": -99999.99,
    "foreignExempt": false,
    "shareDescription": "Ordinary Fully Paid",
    "numOfShares": 868281268,
    "yieldAnnual": 0,
    "incomeStatement": [
      {
        "revenue": 139754000,
        "netIncome": -21725000,
        "period": "2022A",
        "fPeriodEndDate": 44742,
        "curCode": "AUD"
      },
      {
        "revenue": 112468000,
        "netIncome": -21821000,
        "period": "2021A",
        "fPeriodEndDate": 44377,
        "curCode": "AUD"
      },
      {
        "revenue": 103170000,
        "netIncome": -11579000,
        "period": "2020A",
        "fPeriodEndDate": 44012,
        "curCode": "AUD"
      },
      {
        "revenue": 85225000,
        "netIncome": -26975000,
        "period": "2019A",
        "fPeriodEndDate": 43646,
        "curCode": "AUD"
      }
    ]
  },
  {
    "symbol": "BEE",
    "displayName": "BROO LTD",
    "industry": "Food, Beverage & Tobacco",
    "dateListed": "2016-10-14",
    "marketCap": -1,
    "xid": "357797014",
    "priceChangeFiveDayPercent": 0,
    "isRecentListing": false,
    "priceChange": 0,
    "priceChangePercent": 0,
    "priceLast": 0.009000000000000001,
    "sector": "Consumer Staples",
    "industryGroup": "Food, Beverage & Tobacco",
    "securityType": 1,
    "volume": 0,
    "statusCode": "",
    "isin": "AU000000BEE5",
    "priceClose": 0.009000000000000001,
    "priceFiftyTwoWeekHigh": 0.014,
    "priceFiftyTwoWeekLow": 0.007,
    "cashFlow": -2.29631,
    "earningsPerShare": -0.00335,
    "freeCashFlowYield": -0.0000100000010000001,
    "priceEarningsRatio": -99999.99,
    "priceToCash": -99999.99,
    "foreignExempt": false,
    "shareDescription": "Ordinary Fully Paid",
    "numOfShares": 952079631,
    "yieldAnnual": 0,
    "incomeStatement": [
      {
        "revenue": 1982010,
        "netIncome": -1264290,
        "period": "2021A",
        "fPeriodEndDate": 44377,
        "curCode": "AUD"
      },
      {
        "revenue": 2192480,
        "netIncome": -3482250,
        "period": "2020A",
        "fPeriodEndDate": 44012,
        "curCode": "AUD"
      },
      {
        "revenue": 2815960,
        "netIncome": -3182990,
        "period": "2019A",
        "fPeriodEndDate": 43646,
        "curCode": "AUD"
      },
      {
        "revenue": 2579270,
        "netIncome": -4436360,
        "period": "2018A",
        "fPeriodEndDate": 43281,
        "curCode": "AUD"
      }
    ]
  },
  {
    "symbol": "BUB",
    "displayName": "BUBS AUSTRALIA LIMITED",
    "industry": "Food, Beverage & Tobacco",
    "dateListed": "1993-10-05",
    "marketCap": 354225310,
    "xid": "147448",
    "priceChangeFiveDayPercent": -8.571428571428578,
    "isRecentListing": false,
    "priceAsk": 0.49,
    "priceBid": 0.48,
    "priceChange": 0.004999999999999949,
    "priceChangePercent": 1.0526315789473577,
    "priceLast": 0.48,
    "sector": "Consumer Staples",
    "industryGroup": "Food, Beverage & Tobacco",
    "securityType": 1,
    "volume": 1323779,
    "statusCode": "",
    "isin": "AU000000BUB7",
    "priceClose": 0.47500000000000003,
    "priceDayHigh": 0.495,
    "priceDayLow": 0.47250000000000003,
    "priceFiftyTwoWeekHigh": 0.8459,
    "priceFiftyTwoWeekLow": 0.33442,
    "volumeAverage": 3697191.835415,
    "cashFlow": -9.92793,
    "earningsPerShare": -0.01827,
    "freeCashFlowYield": -0.0000100000010000001,
    "priceEarningsRatio": -99999.99,
    "priceToCash": -99999.99,
    "foreignExempt": false,
    "shareDescription": "Ordinary Fully Paid",
    "numOfShares": 745737495,
    "yieldAnnual": 0,
    "incomeStatement": [
      {
        "revenue": 89297320,
        "netIncome": -11377540,
        "period": "2022A",
        "fPeriodEndDate": 44742,
        "curCode": "AUD"
      },
      {
        "revenue": 39312740,
        "netIncome": -74737920,
        "period": "2021A",
        "fPeriodEndDate": 44377,
        "curCode": "AUD"
      },
      {
        "revenue": 54644950,
        "netIncome": -7771140,
        "period": "2020A",
        "fPeriodEndDate": 44012,
        "curCode": "AUD"
      },
      {
        "revenue": 43914850,
        "netIncome": -35509240,
        "period": "2019A",
        "fPeriodEndDate": 43646,
        "curCode": "AUD"
      }
    ]
  },
  {
    "symbol": "CSF",
    "displayName": "CATALANO SEAFOOD LTD",
    "industry": "Food, Beverage & Tobacco",
    "dateListed": "2022-03-11",
    "marketCap": 7291284,
    "xid": "698288292",
    "priceChangeFiveDayPercent": -14.285714285714286,
    "isRecentListing": false,
    "priceAsk": 0.092,
    "priceBid": 0.09,
    "priceChange": -0.0010000000000000009,
    "priceChangePercent": -1.0989010989010999,
    "priceLast": 0.09,
    "sector": "Consumer Staples",
    "industryGroup": "Food, Beverage & Tobacco",
    "securityType": 1,
    "volume": 50000,
    "statusCode": "",
    "isin": "AU0000201915",
    "priceClose": 0.091,
    "priceDayHigh": 0.091,
    "priceDayLow": 0.09,
    "priceFiftyTwoWeekHigh": 0.21,
    "priceFiftyTwoWeekLow": 0.09,
    "volumeAverage": 33434.206349,
    "cashFlow": -1.87144,
    "earningsPerShare": -0.0864,
    "freeCashFlowYield": -0.0000100000010000001,
    "priceEarningsRatio": -99999.99,
    "priceToCash": -99999.99,
    "foreignExempt": false,
    "shareDescription": "Ordinary Fully Paid",
    "numOfShares": 80124000,
    "yieldAnnual": 0,
    "incomeStatement": [
      {
        "revenue": 14416370,
        "netIncome": -5200720,
        "period": "2022A",
        "fPeriodEndDate": 44742,
        "curCode": "AUD"
      },
      {
        "revenue": 17227810,
        "netIncome": -500340,
        "period": "2021A",
        "fPeriodEndDate": 44377,
        "curCode": "AUD"
      },
      {
        "revenue": 12284240,
        "netIncome": -1095880,
        "period": "2020A",
        "fPeriodEndDate": 44012,
        "curCode": "AUD"
      }
    ]
  },
  {
    "symbol": "CSS",
    "displayName": "CLEAN SEAS SEAFOOD LIMITED",
    "industry": "Food, Beverage & Tobacco",
    "dateListed": "2005-12-12",
    "marketCap": 90191784,
    "xid": "3696331",
    "priceChangeFiveDayPercent": -4.464285714285718,
    "isRecentListing": false,
    "priceAsk": 0.545,
    "priceBid": 0.535,
    "priceChange": -0.010000000000000009,
    "priceChangePercent": -1.8348623853211024,
    "priceLast": 0.535,
    "sector": "Consumer Staples",
    "industryGroup": "Food, Beverage & Tobacco",
    "securityType": 1,
    "volume": 55171,
    "statusCode": "",
    "isin": "AU000000CSS3",
    "priceClose": 0.545,
    "priceDayHigh": 0.5650000000000001,
    "priceDayLow": 0.535,
    "priceFiftyTwoWeekHigh": 0.69,
    "priceFiftyTwoWeekLow": 0.44,
    "volumeAverage": 165964.543478,
    "cashFlow": -0.565,
    "earningsPerShare": 0.05086,
    "freeCashFlowYield": 0.13618356455032868,
    "priceEarningsRatio": 10.91231,
    "priceToCash": 7.34303,
    "foreignExempt": false,
    "shareDescription": "Ordinary Fully Paid",
    "numOfShares": 165489512,
    "yieldAnnual": 0,
    "incomeStatement": [
      {
        "revenue": 66164000,
        "netIncome": 8676000,
        "period": "2022A",
        "fPeriodEndDate": 44742,
        "curCode": "AUD"
      },
      {
        "revenue": 48460000,
        "netIncome": -32097000,
        "period": "2021A",
        "fPeriodEndDate": 44377,
        "curCode": "AUD"
      },
      {
        "revenue": 40313000,
        "netIncome": -14454000,
        "period": "2020A",
        "fPeriodEndDate": 44012,
        "curCode": "AUD"
      },
      {
        "revenue": 46149000,
        "netIncome": 1446000,
        "period": "2019A",
        "fPeriodEndDate": 43646,
        "curCode": "AUD"
      }
    ]
  },
  {
    "symbol": "CBO",
    "displayName": "COBRAM ESTATE OLIVES LIMITED",
    "industry": "Food, Beverage & Tobacco",
    "dateListed": "2021-08-11",
    "marketCap": 640403279,
    "xid": "672265772",
    "priceChangeFiveDayPercent": -5.40540540540541,
    "isRecentListing": false,
    "priceAsk": 1.6,
    "priceBid": 1.51,
    "priceChange": 0.030000000000000027,
    "priceChangePercent": 1.9417475728155358,
    "priceLast": 1.575,
    "sector": "Consumer Staples",
    "industryGroup": "Food, Beverage & Tobacco",
    "securityType": 1,
    "volume": 76028,
    "statusCode": "",
    "isin": "AU0000167066",
    "priceClose": 1.545,
    "priceDayHigh": 1.59,
    "priceDayLow": 1.5050000000000001,
    "priceFiftyTwoWeekHigh": 2.09,
    "priceFiftyTwoWeekLow": 1.34,
    "volumeAverage": 125462.130435,
    "dateExDate": "2021-11-18",
    "datePayDate": "2021-12-08",
    "dateRecordDate": "2021-11-19",
    "dividend": 0.033,
    "dividendType": "F",
    "frankingPercent": 20,
    "cashFlow": -20.932,
    "earningsPerShare": -0.00106,
    "freeCashFlowYield": 0.025686391760627487,
    "priceEarningsRatio": -99999.99,
    "priceToCash": 38.93112,
    "foreignExempt": false,
    "shareDescription": "Ordinary Fully Paid",
    "numOfShares": 414500504,
    "yieldAnnual": 0,
    "incomeStatement": [
      {
        "revenue": 139617000,
        "netIncome": -696000,
        "period": "2022A",
        "fPeriodEndDate": 44742,
        "curCode": "AUD"
      },
      {
        "revenue": 139950000,
        "netIncome": 35224000,
        "period": "2021A",
        "fPeriodEndDate": 44377,
        "curCode": "AUD"
      },
      {
        "revenue": 140652000,
        "netIncome": -32700000,
        "period": "2020A",
        "fPeriodEndDate": 44012,
        "curCode": "AUD"
      },
      {
        "revenue": 112281000,
        "netIncome": 8759000,
        "period": "2019A",
        "fPeriodEndDate": 43646,
        "curCode": "AUD"
      }
    ]
  },
  {
    "symbol": "CGC",
    "displayName": "COSTA GROUP HOLDINGS LIMITED",
    "industry": "Food, Beverage & Tobacco",
    "dateListed": "2015-07-24",
    "marketCap": 1059165942,
    "xid": "292986095",
    "priceChangeFiveDayPercent": 0.4405286343612437,
    "isRecentListing": false,
    "priceAsk": 2.29,
    "priceBid": 2.2600000000000002,
    "priceChange": 0,
    "priceChangePercent": 0,
    "priceLast": 2.2800000000000002,
    "sector": "Consumer Staples",
    "industryGroup": "Food, Beverage & Tobacco",
    "securityType": 1,
    "volume": 920394,
    "statusCode": "",
    "isin": "AU000000CGC2",
    "priceClose": 2.2800000000000002,
    "priceDayHigh": 2.295,
    "priceDayLow": 2.2600000000000002,
    "priceFiftyTwoWeekHigh": 3.455,
    "priceFiftyTwoWeekLow": 2.13,
    "volumeAverage": 1666542.206522,
    "dateExDate": "2022-09-14",
    "datePayDate": "2022-10-06",
    "dateRecordDate": "2022-09-15",
    "dividend": 0.04,
    "dividendType": "I",
    "frankingPercent": 100,
    "cashFlow": -21.835,
    "earningsPerShare": 0.09058,
    "freeCashFlowYield": 0.17039839143918484,
    "priceEarningsRatio": 24.72952,
    "priceToCash": 5.8686,
    "foreignExempt": false,
    "shareDescription": "Ordinary Fully Paid",
    "numOfShares": 464546466,
    "yieldAnnual": 3.9473684210526314,
    "incomeStatement": [
      {
        "revenue": 1220597000,
        "netIncome": 41396000,
        "period": "2021A",
        "fPeriodEndDate": 44561,
        "curCode": "AUD"
      },
      {
        "revenue": 1164916000,
        "netIncome": 60774000,
        "period": "2020A",
        "fPeriodEndDate": 44196,
        "curCode": "AUD"
      },
      {
        "revenue": 1047873000,
        "netIncome": -36071000,
        "period": "2019A",
        "fPeriodEndDate": 43830,
        "curCode": "AUD"
      },
      {
        "revenue": 477604000,
        "netIncome": 4325000,
        "period": "2018A",
        "fPeriodEndDate": 43464,
        "curCode": "AUD"
      }
    ]
  },
  {
    "symbol": "DBF",
    "displayName": "DUXTON FARMS LTD",
    "industry": "Food, Beverage & Tobacco",
    "dateListed": "2018-02-08",
    "marketCap": 67267413,
    "xid": "445266332",
    "priceChangeFiveDayPercent": -4.451038575667653,
    "isRecentListing": false,
    "priceAsk": 1.67,
    "priceBid": 1.57,
    "priceChange": 0,
    "priceChangePercent": 0,
    "priceLast": 1.61,
    "sector": "Consumer Staples",
    "industryGroup": "Food, Beverage & Tobacco",
    "securityType": 1,
    "volume": 0,
    "statusCode": "",
    "isin": "AU000000DBF4",
    "priceClose": 1.61,
    "priceFiftyTwoWeekHigh": 1.95,
    "priceFiftyTwoWeekLow": 1.48,
    "volumeAverage": 7443.96,
    "dateExDate": "2021-07-15",
    "datePayDate": "2021-07-30",
    "dateRecordDate": "2021-07-16",
    "dividend": 0.062,
    "dividendType": "F",
    "frankingPercent": 0,
    "cashFlow": -12.428,
    "earningsPerShare": -0.0802,
    "freeCashFlowYield": -0.0000100000010000001,
    "priceEarningsRatio": -99999.99,
    "priceToCash": -99999.99,
    "foreignExempt": false,
    "shareDescription": "Ordinary Fully Paid",
    "numOfShares": 41781002,
    "yieldAnnual": 0,
    "incomeStatement": [
      {
        "revenue": 16644000,
        "netIncome": -3167000,
        "period": "2022A",
        "fPeriodEndDate": 44742,
        "curCode": "AUD"
      },
      {
        "revenue": 17841000,
        "netIncome": 1406000,
        "period": "2021A",
        "fPeriodEndDate": 44377,
        "curCode": "AUD"
      },
      {
        "revenue": 10673000,
        "netIncome": -1466000,
        "period": "2020A",
        "fPeriodEndDate": 44012,
        "curCode": "AUD"
      },
      {
        "revenue": 13629000,
        "netIncome": -1115000,
        "period": "2019A",
        "fPeriodEndDate": 43646,
        "curCode": "AUD"
      }
    ]
  },
  {
    "symbol": "E33",
    "displayName": "EAST 33 LIMITED..",
    "industry": "Food, Beverage & Tobacco",
    "dateListed": "2021-07-29",
    "marketCap": 9717818,
    "xid": "665856619",
    "priceChangeFiveDayPercent": 10.000000000000009,
    "isRecentListing": false,
    "priceAsk": 0.038,
    "priceBid": 0.033,
    "priceChange": -0.0020000000000000018,
    "priceChangePercent": -5.714285714285719,
    "priceLast": 0.033,
    "sector": "Consumer Staples",
    "industryGroup": "Food, Beverage & Tobacco",
    "securityType": 1,
    "volume": 121240,
    "upcomingEventName": "East 33 2022 AGM",
    "statusCode": "",
    "isin": "AU0000168130",
    "priceClose": 0.035,
    "priceDayHigh": 0.035,
    "priceDayLow": 0.033,
    "priceFiftyTwoWeekHigh": 0.21368,
    "priceFiftyTwoWeekLow": 0.01899,
    "volumeAverage": 701449.285418,
    "cashFlow": -5.671,
    "earningsPerShare": -0.03369,
    "freeCashFlowYield": -0.0000100000010000001,
    "priceEarningsRatio": -99999.99,
    "priceToCash": -99999.99,
    "foreignExempt": false,
    "shareDescription": "Ordinary Fully Paid",
    "numOfShares": 277651940,
    "yieldAnnual": 0,
    "incomeStatement": [
      {
        "revenue": 22636000,
        "netIncome": -8962000,
        "period": "2022A",
        "fPeriodEndDate": 44742,
        "curCode": "AUD"
      },
      {
        "revenue": 8395000,
        "netIncome": -5476000,
        "period": "2021A",
        "fPeriodEndDate": 44377,
        "curCode": "AUD"
      },
      {
        "revenue": 2029620,
        "netIncome": -1860880,
        "period": "2020A",
        "fPeriodEndDate": 44012,
        "curCode": "AUD"
      }
    ]
  },
  {
    "symbol": "E33N",
    "displayName": "EAST 33 LIMITED..",
    "industry": "Food, Beverage & Tobacco",
    "dateListed": "2021-07-29",
    "marketCap": 9717818,
    "xid": "755046347",
    "priceChangeFiveDayPercent": 0,
    "isRecentListing": false,
    "priceChange": 0,
    "priceChangePercent": 0,
    "priceLast": 0,
    "sector": "Consumer Staples",
    "industryGroup": "Food, Beverage & Tobacco",
    "securityType": 1,
    "volume": 0,
    "upcomingEventName": "East 33 2022 AGM",
    "statusCode": "",
    "isin": "AU0000239568",
    "priceClose": 0,
    "priceFiftyTwoWeekHigh": 0,
    "priceFiftyTwoWeekLow": 0,
    "cashFlow": -5.671,
    "earningsPerShare": -0.03369,
    "freeCashFlowYield": -0.0000100000010000001,
    "priceEarningsRatio": -99999.99,
    "priceToCash": -99999.99,
    "foreignExempt": false,
    "shareDescription": "Ordinary Fully Paid Deferred",
    "numOfShares": 277651940,
    "yieldAnnual": -32768,
    "incomeStatement": [
      {
        "revenue": 22636000,
        "netIncome": -8962000,
        "period": "2022A",
        "fPeriodEndDate": 44742,
        "curCode": "AUD"
      },
      {
        "revenue": 8395000,
        "netIncome": -5476000,
        "period": "2021A",
        "fPeriodEndDate": 44377,
        "curCode": "AUD"
      },
      {
        "revenue": 2029620,
        "netIncome": -1860880,
        "period": "2020A",
        "fPeriodEndDate": 44012,
        "curCode": "AUD"
      }
    ]
  },
  {
    "symbol": "ELD",
    "displayName": "ELDERS LIMITED",
    "industry": "Food, Beverage & Tobacco",
    "dateListed": "1981-06-30",
    "marketCap": 1949698112,
    "xid": "105236",
    "priceChangeFiveDayPercent": -0.8863819500402855,
    "isRecentListing": false,
    "priceAsk": 12.6,
    "priceBid": 12.3,
    "priceChange": -0.16000000000000014,
    "priceChangePercent": -1.2841091492776897,
    "priceLast": 12.3,
    "sector": "Consumer Staples",
    "industryGroup": "Food, Beverage & Tobacco",
    "securityType": 1,
    "volume": 417058,
    "statusCode": "",
    "isin": "AU000000ELD6",
    "priceClose": 12.46,
    "priceDayHigh": 12.59,
    "priceDayLow": 12.25,
    "priceFiftyTwoWeekHigh": 15.32,
    "priceFiftyTwoWeekLow": 10.73,
    "volumeAverage": 688653.532609,
    "dateExDate": "2022-05-30",
    "datePayDate": "2022-06-17",
    "dateRecordDate": "2022-05-31",
    "dividend": 0.28,
    "dividendType": "I",
    "frankingPercent": 30,
    "cashFlow": -12.553,
    "earningsPerShare": 1.1027,
    "freeCashFlowYield": 0.11194923773764025,
    "priceEarningsRatio": 11.34488,
    "priceToCash": 8.93262,
    "foreignExempt": false,
    "shareDescription": "Ordinary Fully Paid",
    "numOfShares": 156476574,
    "yieldAnnual": 4.065040650406504,
    "incomeStatement": [
      {
        "revenue": 2548924000,
        "netIncome": 149777000,
        "period": "2021A",
        "fPeriodEndDate": 44469,
        "curCode": "AUD"
      },
      {
        "revenue": 2092618000,
        "netIncome": 122947000,
        "period": "2020A",
        "fPeriodEndDate": 44104,
        "curCode": "AUD"
      },
      {
        "revenue": 1626032000,
        "netIncome": 68935000,
        "period": "2019A",
        "fPeriodEndDate": 43738,
        "curCode": "AUD"
      },
      {
        "revenue": 1599430000,
        "netIncome": 71568000,
        "period": "2018A",
        "fPeriodEndDate": 43373,
        "curCode": "AUD"
      }
    ]
  },
  {
    "symbol": "ERG",
    "displayName": "ENECO REFRESH LTD",
    "industry": "Food, Beverage & Tobacco",
    "dateListed": "2006-03-29",
    "marketCap": 4357734,
    "xid": "4306776",
    "priceChangeFiveDayPercent": 0,
    "isRecentListing": false,
    "priceAsk": 0.03,
    "priceBid": 0.012,
    "priceChange": 0,
    "priceChangePercent": 0,
    "priceLast": 0.016,
    "sector": "Consumer Staples",
    "industryGroup": "Food, Beverage & Tobacco",
    "securityType": 1,
    "volume": 0,
    "statusCode": "",
    "isin": "AU0000041881",
    "priceClose": 0.016,
    "priceFiftyTwoWeekHigh": 0.046,
    "priceFiftyTwoWeekLow": 0.015,
    "volumeAverage": 103109.5,
    "dateExDate": "2015-09-04",
    "datePayDate": "2015-09-22",
    "dateRecordDate": "2015-09-08",
    "dividend": 0.001,
    "dividendType": "F",
    "frankingPercent": 100,
    "cashFlow": 0.48257,
    "earningsPerShare": -0.00218,
    "freeCashFlowYield": -0.0000100000010000001,
    "priceEarningsRatio": -99999.99,
    "priceToCash": -99999.99,
    "foreignExempt": false,
    "shareDescription": "Ordinary Fully Paid",
    "numOfShares": 272358347,
    "yieldAnnual": 0,
    "incomeStatement": [
      {
        "revenue": 13186160,
        "netIncome": -161880,
        "period": "2021A",
        "fPeriodEndDate": 44377,
        "curCode": "AUD"
      },
      {
        "revenue": 11284760,
        "netIncome": -1081520,
        "period": "2020A",
        "fPeriodEndDate": 44012,
        "curCode": "AUD"
      },
      {
        "revenue": 9086060,
        "netIncome": -997250,
        "period": "2019A",
        "fPeriodEndDate": 43646,
        "curCode": "AUD"
      },
      {
        "revenue": 8784290,
        "netIncome": -1063060,
        "period": "2018A",
        "fPeriodEndDate": 43281,
        "curCode": "AUD"
      }
    ]
  },
  {
    "symbol": "FRM",
    "displayName": "FARM PRIDE FOODS LIMITED",
    "industry": "Food, Beverage & Tobacco",
    "dateListed": "1997-12-19",
    "marketCap": 7173423,
    "xid": "112378",
    "priceChangeFiveDayPercent": -7.142857142857149,
    "isRecentListing": false,
    "priceAsk": 0.14,
    "priceBid": 0.13,
    "priceChange": 0,
    "priceChangePercent": 0,
    "priceLast": 0.13,
    "sector": "Consumer Staples",
    "industryGroup": "Food, Beverage & Tobacco",
    "securityType": 1,
    "volume": 0,
    "statusCode": "",
    "isin": "AU000000FRM1",
    "priceClose": 0.13,
    "priceFiftyTwoWeekHigh": 0.325,
    "priceFiftyTwoWeekLow": 0.105,
    "volumeAverage": 49194.41791,
    "cashFlow": -5.076,
    "earningsPerShare": -0.35854,
    "freeCashFlowYield": -0.0000100000010000001,
    "priceEarningsRatio": -99999.99,
    "priceToCash": -99999.99,
    "foreignExempt": false,
    "shareDescription": "Ordinary Fully Paid",
    "numOfShares": 55180175,
    "yieldAnnual": 0,
    "incomeStatement": [
      {
        "revenue": 74129000,
        "netIncome": -19782000,
        "period": "2022A",
        "fPeriodEndDate": 44742,
        "curCode": "AUD"
      },
      {
        "revenue": 76991000,
        "netIncome": -11971000,
        "period": "2021A",
        "fPeriodEndDate": 44377,
        "curCode": "AUD"
      },
      {
        "revenue": 90327000,
        "netIncome": -2169000,
        "period": "2020A",
        "fPeriodEndDate": 44012,
        "curCode": "AUD"
      },
      {
        "revenue": 86641000,
        "netIncome": -3858000,
        "period": "2019A",
        "fPeriodEndDate": 43646,
        "curCode": "AUD"
      }
    ]
  },
  {
    "symbol": "FFI",
    "displayName": "FFI HOLDINGS LIMITED",
    "industry": "Food, Beverage & Tobacco",
    "dateListed": "1987-01-15",
    "marketCap": 52725798,
    "xid": "106371",
    "priceChangeFiveDayPercent": 4.5064377682403425,
    "isRecentListing": false,
    "priceAsk": 4.86,
    "priceBid": 4.7,
    "priceChange": -0.03000000000000025,
    "priceChangePercent": -0.6122448979591887,
    "priceLast": 4.87,
    "sector": "Consumer Staples",
    "industryGroup": "Food, Beverage & Tobacco",
    "securityType": 1,
    "volume": 195,
    "statusCode": "",
    "isin": "AU000000FFI4",
    "priceClose": 4.9,
    "priceDayHigh": 4.87,
    "priceDayLow": 4.87,
    "priceFiftyTwoWeekHigh": 7.85,
    "priceFiftyTwoWeekLow": 3.9,
    "volumeAverage": 4399.666667,
    "dateExDate": "2022-03-14",
    "datePayDate": "2022-03-25",
    "dateRecordDate": "2022-03-15",
    "dividend": 0.1,
    "dividendType": "I",
    "frankingPercent": 100,
    "cashFlow": -4.76126,
    "earningsPerShare": 0.1129,
    "freeCashFlowYield": 0.04012409580350107,
    "priceEarningsRatio": 42.5155,
    "priceToCash": 24.92268,
    "foreignExempt": false,
    "shareDescription": "Ordinary Fully Paid",
    "numOfShares": 10760367,
    "yieldAnnual": 4.9281314168377826,
    "incomeStatement": [
      {
        "revenue": 37218980,
        "netIncome": 1218580,
        "period": "2022A",
        "fPeriodEndDate": 44742,
        "curCode": "AUD"
      },
      {
        "revenue": 37297340,
        "netIncome": 8723290,
        "period": "2021A",
        "fPeriodEndDate": 44377,
        "curCode": "AUD"
      },
      {
        "revenue": 35389430,
        "netIncome": 3575290,
        "period": "2020A",
        "fPeriodEndDate": 44012,
        "curCode": "AUD"
      },
      {
        "revenue": 32378860,
        "netIncome": 3298270,
        "period": "2019A",
        "fPeriodEndDate": 43646,
        "curCode": "AUD"
      }
    ]
  },
  {
    "symbol": "FSF",
    "displayName": "FONTERRA SHAREHOLDERS' FUND",
    "industry": "Food, Beverage & Tobacco",
    "dateListed": "2012-11-30",
    "marketCap": 296471011,
    "xid": "52543186",
    "priceChangeFiveDayPercent": 2.2304832713754665,
    "isRecentListing": false,
    "priceAsk": 2.7600000000000002,
    "priceBid": 2.64,
    "priceChange": -0.010000000000000231,
    "priceChangePercent": -0.36231884057971847,
    "priceLast": 2.75,
    "sector": "Consumer Staples",
    "industryGroup": "Food, Beverage & Tobacco",
    "securityType": 6,
    "volume": 6,
    "statusCode": "XD",
    "isin": "NZFSFE0001S5",
    "priceClose": 2.7600000000000002,
    "priceDayHigh": 2.7600000000000002,
    "priceDayLow": 2.75,
    "priceFiftyTwoWeekHigh": 3.85,
    "priceFiftyTwoWeekLow": 2.46,
    "volumeAverage": 5014.845238,
    "dateExDate": "2022-09-28",
    "datePayDate": "2022-10-14",
    "dateRecordDate": "2022-09-29",
    "dividend": 0.1121,
    "dividendType": "F",
    "frankingPercent": 0,
    "cashFlow": 0,
    "earningsPerShare": 0,
    "freeCashFlowYield": -0.0000100000010000001,
    "priceEarningsRatio": -99999.99,
    "priceToCash": -99999.99,
    "foreignExempt": true,
    "shareDescription": "Ordinary Units Fully Paid Foreign Exempt Nzx",
    "numOfShares": 107417033,
    "yieldAnnual": 5.501818181818182,
    "incomeStatement": [
      {
        "revenue": 2000000,
        "netIncome": 0,
        "period": "2021A",
        "fPeriodEndDate": 44408,
        "curCode": "NZD"
      },
      {
        "revenue": 6000000,
        "netIncome": 0,
        "period": "2020A",
        "fPeriodEndDate": 44043,
        "curCode": "NZD"
      },
      {
        "revenue": -144000000,
        "netIncome": 0,
        "period": "2019A",
        "fPeriodEndDate": 43677,
        "curCode": "NZD"
      },
      {
        "revenue": -85000000,
        "netIncome": 0,
        "period": "2018A",
        "fPeriodEndDate": 43312,
        "curCode": "NZD"
      }
    ]
  },
  {
    "symbol": "FFF",
    "displayName": "FORBIDDEN FOODS LIMITED",
    "industry": "Food, Beverage & Tobacco",
    "dateListed": "2020-08-31",
    "marketCap": 8272248,
    "xid": "610073810",
    "priceChangeFiveDayPercent": -9.195402298850569,
    "isRecentListing": false,
    "priceAsk": 0.08,
    "priceBid": 0.078,
    "priceChange": -0.0010000000000000009,
    "priceChangePercent": -1.250000000000001,
    "priceLast": 0.079,
    "sector": "Consumer Staples",
    "industryGroup": "Food, Beverage & Tobacco",
    "securityType": 1,
    "volume": 330671,
    "statusCode": "",
    "isin": "AU0000097339",
    "priceClose": 0.08,
    "priceDayHigh": 0.08,
    "priceDayLow": 0.079,
    "priceFiftyTwoWeekHigh": 0.25,
    "priceFiftyTwoWeekLow": 0.079,
    "volumeAverage": 115613.44186,
    "cashFlow": -2.43747,
    "earningsPerShare": -0.03869,
    "freeCashFlowYield": -0.0000100000010000001,
    "priceEarningsRatio": -99999.99,
    "priceToCash": -99999.99,
    "foreignExempt": false,
    "shareDescription": "Ordinary Fully Paid",
    "numOfShares": 103403102,
    "yieldAnnual": 0,
    "incomeStatement": [
      {
        "revenue": 7477940,
        "netIncome": -3681290,
        "period": "2022A",
        "fPeriodEndDate": 44742,
        "curCode": "AUD"
      },
      {
        "revenue": 4322030,
        "netIncome": -3455920,
        "period": "2021A",
        "fPeriodEndDate": 44377,
        "curCode": "AUD"
      },
      {
        "revenue": 4119950,
        "netIncome": -2353300,
        "period": "2020A",
        "fPeriodEndDate": 44012,
        "curCode": "AUD"
      },
      {
        "revenue": 3429340,
        "netIncome": -192500,
        "period": "2019A",
        "fPeriodEndDate": 43646,
        "curCode": "AUD"
      }
    ]
  },
  {
    "symbol": "GDA",
    "displayName": "GOOD DRINKS AUSTRALIA LTD",
    "industry": "Food, Beverage & Tobacco",
    "dateListed": "2006-12-13",
    "marketCap": 89195137,
    "xid": "6063610",
    "priceChangeFiveDayPercent": -2.1126760563380147,
    "isRecentListing": false,
    "priceAsk": 0.71,
    "priceBid": 0.6900000000000001,
    "priceChange": 0,
    "priceChangePercent": 0,
    "priceLast": 0.6950000000000001,
    "sector": "Consumer Staples",
    "industryGroup": "Food, Beverage & Tobacco",
    "securityType": 1,
    "volume": 10000,
    "statusCode": "RE",
    "isin": "AU0000120040",
    "priceClose": 0.6950000000000001,
    "priceDayHigh": 0.7000000000000001,
    "priceDayLow": 0.6950000000000001,
    "priceFiftyTwoWeekHigh": 0.945,
    "priceFiftyTwoWeekLow": 0.655,
    "volumeAverage": 103686.833333,
    "cashFlow": -6.50331,
    "earningsPerShare": -0.00203,
    "freeCashFlowYield": 0.07248330709437617,
    "priceEarningsRatio": -99999.99,
    "priceToCash": 13.79628,
    "foreignExempt": false,
    "shareDescription": "Ordinary Fully Paid",
    "numOfShares": 128338326,
    "yieldAnnual": 0,
    "incomeStatement": [
      {
        "revenue": 70029710,
        "netIncome": 1985030,
        "period": "2022A",
        "fPeriodEndDate": 44742,
        "curCode": "AUD"
      },
      {
        "revenue": 54409210,
        "netIncome": 4275040,
        "period": "2021A",
        "fPeriodEndDate": 44377,
        "curCode": "AUD"
      },
      {
        "revenue": 36826780,
        "netIncome": -2136770,
        "period": "2020A",
        "fPeriodEndDate": 44012,
        "curCode": "AUD"
      },
      {
        "revenue": 39723840,
        "netIncome": 2649390,
        "period": "2019A",
        "fPeriodEndDate": 43646,
        "curCode": "AUD"
      }
    ]
  },
  {
    "symbol": "HVM",
    "displayName": "HAPPY VALLEY NUTRITION LIMITED",
    "industry": "Food, Beverage & Tobacco",
    "dateListed": "2020-01-23",
    "marketCap": 10626477,
    "xid": "572290173",
    "priceChangeFiveDayPercent": -6.122448979591842,
    "isRecentListing": false,
    "priceAsk": 0.05,
    "priceBid": 0.046,
    "priceChange": -0.0040000000000000036,
    "priceChangePercent": -8.000000000000007,
    "priceLast": 0.046,
    "securityType": 1,
    "volume": 15112,
    "statusCode": "",
    "isin": "NZHVME0009S4",
    "priceClose": 0.05,
    "priceDayHigh": 0.05,
    "priceDayLow": 0.046,
    "priceFiftyTwoWeekHigh": 0.097,
    "priceFiftyTwoWeekLow": 0.034,
    "volumeAverage": 103883.031746,
    "cashFlow": -3.69575,
    "earningsPerShare": -0.02391,
    "freeCashFlowYield": -0.0000100000010000001,
    "priceEarningsRatio": -99999.99,
    "priceToCash": -99999.99,
    "foreignExempt": false,
    "shareDescription": "Ordinary Fully Paid",
    "numOfShares": 212529546,
    "yieldAnnual": 0,
    "incomeStatement": [
      {
        "revenue": 200000,
        "netIncome": -5750670,
        "period": "2022A",
        "fPeriodEndDate": 44742,
        "curCode": "NZD"
      },
      {
        "revenue": 38330,
        "netIncome": -5819610,
        "period": "2021A",
        "fPeriodEndDate": 44377,
        "curCode": "NZD"
      },
      {
        "revenue": 79440,
        "netIncome": -14638600,
        "period": "2020A",
        "fPeriodEndDate": 44012,
        "curCode": "NZD"
      },
      {
        "revenue": 12670,
        "netIncome": -908930,
        "period": "2019A",
        "fPeriodEndDate": 43646,
        "curCode": "NZD"
      }
    ]
  },
  {
    "symbol": "HPP",
    "displayName": "HEALTH AND PLANT PROTEIN GROUP LIMITED",
    "industry": "Food, Beverage & Tobacco",
    "dateListed": "1989-12-14",
    "marketCap": 7983348,
    "xid": "67376",
    "priceChangeFiveDayPercent": -4.761904761904766,
    "isRecentListing": false,
    "priceAsk": 0.065,
    "priceBid": 0.06,
    "priceChange": -0.0050000000000000044,
    "priceChangePercent": -7.692307692307699,
    "priceLast": 0.06,
    "sector": "Consumer Staples",
    "industryGroup": "Food, Beverage & Tobacco",
    "securityType": 1,
    "volume": 78035,
    "statusCode": "",
    "isin": "AU0000129710",
    "priceClose": 0.065,
    "priceDayHigh": 0.065,
    "priceDayLow": 0.06,
    "priceFiftyTwoWeekHigh": 0.225,
    "priceFiftyTwoWeekLow": 0.06,
    "volumeAverage": 68040.586957,
    "dateExDate": "2013-05-13",
    "datePayDate": "2013-05-31",
    "dateRecordDate": "2013-05-17",
    "dividend": 0.03,
    "dividendType": "F",
    "frankingPercent": 0,
    "cashFlow": 0.576,
    "earningsPerShare": 0.00544,
    "freeCashFlowYield": 0.2804451224984295,
    "priceEarningsRatio": 11.58088,
    "priceToCash": 3.56576,
    "foreignExempt": false,
    "shareDescription": "Ordinary Fully Paid",
    "numOfShares": 122820738,
    "yieldAnnual": 0,
    "incomeStatement": [
      {
        "revenue": 44926000,
        "netIncome": 665000,
        "period": "2022A",
        "fPeriodEndDate": 44742,
        "curCode": "AUD"
      },
      {
        "revenue": 36820000,
        "netIncome": -10112000,
        "period": "2021A",
        "fPeriodEndDate": 44377,
        "curCode": "AUD"
      },
      {
        "revenue": 43182000,
        "netIncome": -7566000,
        "period": "2020A",
        "fPeriodEndDate": 44012,
        "curCode": "AUD"
      },
      {
        "revenue": 41603000,
        "netIncome": -235000,
        "period": "2019A",
        "fPeriodEndDate": 43646,
        "curCode": "AUD"
      }
    ]
  },
  {
    "symbol": "ING",
    "displayName": "INGHAMS GROUP LIMITED",
    "industry": "Food, Beverage & Tobacco",
    "dateListed": "2016-11-07",
    "marketCap": 903181430,
    "xid": "369734787",
    "priceChangeFiveDayPercent": -2.788844621513938,
    "isRecentListing": false,
    "priceAsk": 2.49,
    "priceBid": 2.4,
    "priceChange": 0.009999999999999787,
    "priceChangePercent": 0.41152263374484715,
    "priceLast": 2.44,
    "sector": "Consumer Staples",
    "industryGroup": "Food, Beverage & Tobacco",
    "securityType": 1,
    "volume": 799185,
    "statusCode": "",
    "isin": "AU000000ING6",
    "priceClose": 2.43,
    "priceDayHigh": 2.49,
    "priceDayLow": 2.44,
    "priceFiftyTwoWeekHigh": 3.93,
    "priceFiftyTwoWeekLow": 2.31,
    "volumeAverage": 1529730.51087,
    "dateExDate": "2022-09-13",
    "datePayDate": "2022-10-05",
    "dateRecordDate": "2022-09-14",
    "dividend": 0.005,
    "dividendType": "F",
    "frankingPercent": 100,
    "cashFlow": 222.1,
    "earningsPerShare": 0.09396,
    "freeCashFlowYield": 0.3316463588546261,
    "priceEarningsRatio": 26.39421,
    "priceToCash": 3.01526,
    "foreignExempt": false,
    "shareDescription": "Ordinary Fully Paid",
    "numOfShares": 371679601,
    "yieldAnnual": 0,
    "incomeStatement": [
      {
        "revenue": 2713100000,
        "netIncome": 35100000,
        "period": "2022A",
        "fPeriodEndDate": 44737,
        "curCode": "AUD"
      },
      {
        "revenue": 2668800000,
        "netIncome": 83300000,
        "period": "2021A",
        "fPeriodEndDate": 44373,
        "curCode": "AUD"
      },
      {
        "revenue": 2555300000,
        "netIncome": 40100000,
        "period": "2020A",
        "fPeriodEndDate": 44009,
        "curCode": "AUD"
      },
      {
        "revenue": 2489800000,
        "netIncome": 126200000,
        "period": "2019A",
        "fPeriodEndDate": 43645,
        "curCode": "AUD"
      }
    ]
  },
  {
    "symbol": "LRK",
    "displayName": "LARK DISTILLING CO. LTD",
    "industry": "Food, Beverage & Tobacco",
    "dateListed": "2003-11-12",
    "marketCap": 155918701,
    "xid": "206551",
    "priceChangeFiveDayPercent": -3.6363636363636394,
    "isRecentListing": false,
    "priceAsk": 2.13,
    "priceBid": 2.11,
    "priceChange": 0.050000000000000266,
    "priceChangePercent": 2.4154589371980806,
    "priceLast": 2.12,
    "sector": "Consumer Staples",
    "industryGroup": "Food, Beverage & Tobacco",
    "securityType": 1,
    "volume": 26587,
    "statusCode": "",
    "isin": "AU0000087264",
    "priceClose": 2.07,
    "priceDayHigh": 2.125,
    "priceDayLow": 2.05,
    "priceFiftyTwoWeekHigh": 5.6,
    "priceFiftyTwoWeekLow": 2.05,
    "volumeAverage": 68359.130435,
    "cashFlow": -9.92802,
    "earningsPerShare": -0.00615,
    "freeCashFlowYield": -0.0000100000010000001,
    "priceEarningsRatio": -99999.99,
    "priceToCash": -99999.99,
    "foreignExempt": false,
    "shareDescription": "Ordinary Fully Paid",
    "numOfShares": 75323044,
    "yieldAnnual": 0,
    "incomeStatement": [
      {
        "revenue": 24337900,
        "netIncome": -470400,
        "period": "2022A",
        "fPeriodEndDate": 44742,
        "curCode": "AUD"
      },
      {
        "revenue": 16542980,
        "netIncome": 3441480,
        "period": "2021A",
        "fPeriodEndDate": 44377,
        "curCode": "AUD"
      },
      {
        "revenue": 7426460,
        "netIncome": -1272300,
        "period": "2020A",
        "fPeriodEndDate": 44012,
        "curCode": "AUD"
      },
      {
        "revenue": 5523210,
        "netIncome": -4327070,
        "period": "2019A",
        "fPeriodEndDate": 43646,
        "curCode": "AUD"
      }
    ]
  },
  {
    "symbol": "LV1",
    "displayName": "LIVE VERDURE LTD",
    "industry": "Food, Beverage & Tobacco",
    "dateListed": "2020-12-14",
    "marketCap": 14251811,
    "xid": "627866376",
    "priceChangeFiveDayPercent": -4.761904761904753,
    "isRecentListing": false,
    "priceAsk": 0.2,
    "priceBid": 0.16,
    "priceChange": 0,
    "priceChangePercent": 0,
    "priceLast": 0.2,
    "sector": "Consumer Staples",
    "industryGroup": "Food, Beverage & Tobacco",
    "securityType": 1,
    "volume": 0,
    "statusCode": "",
    "isin": "AU0000115180",
    "priceClose": 0.2,
    "priceFiftyTwoWeekHigh": 0.48,
    "priceFiftyTwoWeekLow": 0.14,
    "volumeAverage": 88293.609756,
    "cashFlow": -3.19278,
    "earningsPerShare": -0.0716,
    "freeCashFlowYield": -0.0000100000010000001,
    "priceEarningsRatio": -99999.99,
    "priceToCash": -99999.99,
    "foreignExempt": false,
    "shareDescription": "Ordinary Fully Paid",
    "numOfShares": 71259056,
    "yieldAnnual": 0,
    "incomeStatement": [
      {
        "revenue": 2036900,
        "netIncome": -3964060,
        "period": "2022A",
        "fPeriodEndDate": 44742,
        "curCode": "AUD"
      },
      {
        "revenue": 659540,
        "netIncome": -3457400,
        "period": "2021A",
        "fPeriodEndDate": 44377,
        "curCode": "AUD"
      },
      {
        "revenue": 452060,
        "netIncome": -1318490,
        "period": "2020A",
        "fPeriodEndDate": 44012,
        "curCode": "AUD"
      },
      {
        "revenue": 233650,
        "netIncome": -446260,
        "period": "2019A",
        "fPeriodEndDate": 43646,
        "curCode": "AUD"
      }
    ]
  },
  {
    "symbol": "LGL",
    "displayName": "LYNCH GROUP HOLDINGS LIMITED",
    "industry": "Food, Beverage & Tobacco",
    "dateListed": "2021-04-06",
    "marketCap": 299061974,
    "xid": "649089792",
    "priceChangeFiveDayPercent": -9.090909090909099,
    "isRecentListing": false,
    "priceAsk": 2.74,
    "priceBid": 2.3000000000000003,
    "priceChange": -0.050000000000000266,
    "priceChangePercent": -2.040816326530623,
    "priceLast": 2.4,
    "sector": "Consumer Staples",
    "industryGroup": "Food, Beverage & Tobacco",
    "securityType": 1,
    "volume": 4039,
    "statusCode": "",
    "isin": "AU0000140477",
    "priceClose": 2.45,
    "priceDayHigh": 2.44,
    "priceDayLow": 2.34,
    "priceFiftyTwoWeekHigh": 3.57,
    "priceFiftyTwoWeekLow": 1.84,
    "volumeAverage": 105622.152941,
    "dateExDate": "2022-09-06",
    "datePayDate": "2022-09-21",
    "dateRecordDate": "2022-09-07",
    "dividend": 0.06,
    "dividendType": "I",
    "frankingPercent": 100,
    "cashFlow": 4.549,
    "earningsPerShare": 0.16041,
    "freeCashFlowYield": 0.12580863500147196,
    "priceEarningsRatio": 16.08379,
    "priceToCash": 7.94858,
    "foreignExempt": false,
    "shareDescription": "Ordinary Fully Paid",
    "numOfShares": 122066112,
    "yieldAnnual": 0,
    "incomeStatement": [
      {
        "revenue": 366497000,
        "netIncome": 19580000,
        "period": "2022A",
        "fPeriodEndDate": 44738,
        "curCode": "AUD"
      },
      {
        "revenue": 300205000,
        "netIncome": 24871000,
        "period": "2021A",
        "fPeriodEndDate": 44374,
        "curCode": "AUD"
      },
      {
        "revenue": 230426750,
        "netIncome": 5840560,
        "period": "2020A",
        "fPeriodEndDate": 44010,
        "curCode": "AUD"
      },
      {
        "revenue": 233826920,
        "netIncome": -782590,
        "period": "2019A",
        "fPeriodEndDate": 43646,
        "curCode": "AUD"
      }
    ]
  },
  {
    "symbol": "MBH",
    "displayName": "MAGGIE BEER HOLDINGS LTD",
    "industry": "Food, Beverage & Tobacco",
    "dateListed": "2004-08-27",
    "marketCap": 95158778,
    "xid": "174121",
    "priceChangeFiveDayPercent": -11.666666666666659,
    "isRecentListing": false,
    "priceAsk": 0.28500000000000003,
    "priceBid": 0.26,
    "priceChange": -0.0050000000000000044,
    "priceChangePercent": -1.8518518518518534,
    "priceLast": 0.265,
    "sector": "Consumer Staples",
    "industryGroup": "Food, Beverage & Tobacco",
    "securityType": 1,
    "volume": 35087,
    "statusCode": "",
    "isin": "AU0000096554",
    "priceClose": 0.27,
    "priceDayHigh": 0.27,
    "priceDayLow": 0.265,
    "priceFiftyTwoWeekHigh": 0.63,
    "priceFiftyTwoWeekLow": 0.265,
    "volumeAverage": 150078.413793,
    "dateExDate": "2011-09-12",
    "datePayDate": "2011-10-07",
    "dateRecordDate": "2011-09-16",
    "dividend": 0.005,
    "dividendType": "F",
    "frankingPercent": 100,
    "cashFlow": -0.707,
    "earningsPerShare": 0.02058,
    "freeCashFlowYield": 0.09793705389671951,
    "priceEarningsRatio": 15.79203,
    "priceToCash": 10.21064,
    "foreignExempt": false,
    "shareDescription": "Ordinary Fully Paid",
    "numOfShares": 352439920,
    "yieldAnnual": 0,
    "incomeStatement": [
      {
        "revenue": 75248000,
        "netIncome": -12478000,
        "period": "2022A",
        "fPeriodEndDate": 44742,
        "curCode": "AUD"
      },
      {
        "revenue": 28633000,
        "netIncome": 1861000,
        "period": "2021A",
        "fPeriodEndDate": 44377,
        "curCode": "AUD"
      },
      {
        "revenue": 45055000,
        "netIncome": -14754000,
        "period": "2020A",
        "fPeriodEndDate": 44012,
        "curCode": "AUD"
      },
      {
        "revenue": 25753000,
        "netIncome": -21656000,
        "period": "2019A",
        "fPeriodEndDate": 43646,
        "curCode": "AUD"
      }
    ]
  },
  {
    "symbol": "MCA",
    "displayName": "MURRAY COD AUSTRALIA LIMITED",
    "industry": "Food, Beverage & Tobacco",
    "dateListed": "2011-03-30",
    "marketCap": 130093076,
    "xid": "30574812",
    "priceChangeFiveDayPercent": 0,
    "isRecentListing": false,
    "priceAsk": 0.18,
    "priceBid": 0.165,
    "priceChange": 0,
    "priceChangePercent": 0,
    "priceLast": 0.17,
    "sector": "Consumer Staples",
    "industryGroup": "Food, Beverage & Tobacco",
    "securityType": 1,
    "volume": 5371,
    "statusCode": "",
    "isin": "AU000000MCA4",
    "priceClose": 0.17,
    "priceDayHigh": 0.17,
    "priceDayLow": 0.17,
    "priceFiftyTwoWeekHigh": 0.41,
    "priceFiftyTwoWeekLow": 0.135,
    "volumeAverage": 389677.329545,
    "dateExDate": "2015-03-17",
    "datePayDate": "2015-03-23",
    "dateRecordDate": "2015-03-19",
    "dividend": 0.007,
    "dividendType": "I",
    "frankingPercent": 0,
    "cashFlow": -12.5447,
    "earningsPerShare": -0.01264,
    "freeCashFlowYield": -0.0000100000010000001,
    "priceEarningsRatio": -99999.99,
    "priceToCash": -99999.99,
    "foreignExempt": false,
    "shareDescription": "Ordinary Fully Paid",
    "numOfShares": 765253388,
    "yieldAnnual": 0,
    "incomeStatement": [
      {
        "revenue": 12708550,
        "netIncome": -8749190,
        "period": "2022A",
        "fPeriodEndDate": 44742,
        "curCode": "AUD"
      },
      {
        "revenue": 9718710,
        "netIncome": -1164280,
        "period": "2021A",
        "fPeriodEndDate": 44377,
        "curCode": "AUD"
      },
      {
        "revenue": 3961460,
        "netIncome": 61690,
        "period": "2020A",
        "fPeriodEndDate": 44012,
        "curCode": "AUD"
      },
      {
        "revenue": 3483060,
        "netIncome": -3674900,
        "period": "2019A",
        "fPeriodEndDate": 43646,
        "curCode": "AUD"
      }
    ]
  },
  {
    "symbol": "MRG",
    "displayName": "MURRAY RIVER ORGANICS GROUP LIMITED",
    "industry": "Food, Beverage & Tobacco",
    "dateListed": "2016-12-16",
    "marketCap": 10808210,
    "xid": "639669993",
    "priceChangeFiveDayPercent": 0,
    "isRecentListing": false,
    "priceChange": 0,
    "priceChangePercent": 0,
    "priceLast": 0.245,
    "sector": "Consumer Staples",
    "industryGroup": "Food, Beverage & Tobacco",
    "securityType": 1,
    "volume": 0,
    "statusCode": "",
    "isin": "AU000000MRG9",
    "priceClose": 0.245,
    "priceFiftyTwoWeekHigh": 0.245,
    "priceFiftyTwoWeekLow": 0.22,
    "cashFlow": -10.271,
    "earningsPerShare": -0.51922,
    "freeCashFlowYield": -0.0000100000010000001,
    "priceEarningsRatio": -99999.99,
    "priceToCash": -99999.99,
    "foreignExempt": false,
    "shareDescription": "Ordinary Fully Paid",
    "numOfShares": 44115143,
    "yieldAnnual": 0,
    "incomeStatement": [
      {
        "revenue": 42603000,
        "netIncome": -23288000,
        "period": "2021A",
        "fPeriodEndDate": 44377,
        "curCode": "AUD"
      },
      {
        "revenue": 48349000,
        "netIncome": -39074000,
        "period": "2020A",
        "fPeriodEndDate": 44012,
        "curCode": "AUD"
      },
      {
        "revenue": 60072000,
        "netIncome": -12036000,
        "period": "2019A",
        "fPeriodEndDate": 43646,
        "curCode": "AUD"
      },
      {
        "revenue": 68553000,
        "netIncome": -59607000,
        "period": "2018A",
        "fPeriodEndDate": 43281,
        "curCode": "AUD"
      }
    ]
  },
  {
    "symbol": "NZS",
    "displayName": "NEW ZEALAND COASTAL SEAFOODS LIMITED",
    "industry": "Food, Beverage & Tobacco",
    "dateListed": "2007-06-19",
    "marketCap": 3944518,
    "xid": "7466452",
    "priceChangeFiveDayPercent": 33.333333333333336,
    "isRecentListing": false,
    "priceAsk": 0.004,
    "priceBid": 0.003,
    "priceChange": 0.0005,
    "priceChangePercent": 14.285714285714286,
    "priceLast": 0.004,
    "sector": "Consumer Staples",
    "industryGroup": "Food, Beverage & Tobacco",
    "securityType": 1,
    "volume": 12660,
    "statusCode": "",
    "isin": "AU0000054074",
    "priceClose": 0.0035,
    "priceDayHigh": 0.004,
    "priceDayLow": 0.003,
    "priceFiftyTwoWeekHigh": 0.012,
    "priceFiftyTwoWeekLow": 0.003,
    "volumeAverage": 1372379.275,
    "cashFlow": -2.63177,
    "earningsPerShare": -0.00505,
    "freeCashFlowYield": -0.0000100000010000001,
    "priceEarningsRatio": -99999.99,
    "priceToCash": -99999.99,
    "foreignExempt": false,
    "shareDescription": "Ordinary Fully Paid",
    "numOfShares": 1127005031,
    "yieldAnnual": 0,
    "incomeStatement": [
      {
        "revenue": 2419370,
        "netIncome": -4445280,
        "period": "2022A",
        "fPeriodEndDate": 44742,
        "curCode": "AUD"
      },
      {
        "revenue": 2435120,
        "netIncome": -3578640,
        "period": "2021A",
        "fPeriodEndDate": 44377,
        "curCode": "AUD"
      },
      {
        "revenue": 1527570,
        "netIncome": -6805020,
        "period": "2020A",
        "fPeriodEndDate": 44012,
        "curCode": "AUD"
      },
      {
        "revenue": 620,
        "netIncome": 960680,
        "period": "2019A",
        "fPeriodEndDate": 43646,
        "curCode": "AUD"
      }
    ]
  },
  {
    "symbol": "NZK",
    "displayName": "NEW ZEALAND KING SALMON INVESTMENTS LIMITED",
    "industry": "Food, Beverage & Tobacco",
    "dateListed": "2016-10-19",
    "marketCap": 97461848,
    "xid": "367462440",
    "priceChangeFiveDayPercent": 8.333333333333341,
    "isRecentListing": false,
    "priceAsk": 0.21,
    "priceBid": 0.195,
    "priceChange": 0.015000000000000013,
    "priceChangePercent": 8.333333333333341,
    "priceLast": 0.195,
    "sector": "Consumer Staples",
    "industryGroup": "Food, Beverage & Tobacco",
    "securityType": 1,
    "volume": 35744,
    "statusCode": "",
    "isin": "NZNZKE0003S0",
    "priceClose": 0.18,
    "priceDayHigh": 0.21,
    "priceDayLow": 0.185,
    "priceFiftyTwoWeekHigh": 0.71919,
    "priceFiftyTwoWeekLow": 0.165,
    "volumeAverage": 51899.078947,
    "dateExDate": "2020-03-05",
    "datePayDate": "2020-03-20",
    "dateRecordDate": "2020-03-06",
    "dividend": 0.0191,
    "dividendType": "I",
    "frankingPercent": 0,
    "cashFlow": -3.278,
    "earningsPerShare": -0.2912,
    "freeCashFlowYield": -0.0000100000010000001,
    "priceEarningsRatio": -99999.99,
    "priceToCash": -99999.99,
    "foreignExempt": true,
    "shareDescription": "Ordinary Fully Paid Foreign Exempt Nzx",
    "numOfShares": 541454710,
    "yieldAnnual": 0,
    "incomeStatement": [
      {
        "revenue": 215791000,
        "netIncome": -73203000,
        "period": "2022A",
        "fPeriodEndDate": 44592,
        "curCode": "NZD"
      },
      {
        "revenue": 124589000,
        "netIncome": -7079000,
        "period": "2021A",
        "fPeriodEndDate": 44227,
        "curCode": "NZD"
      },
      {
        "revenue": 219468000,
        "netIncome": 18004000,
        "period": "2020A",
        "fPeriodEndDate": 44012,
        "curCode": "NZD"
      },
      {
        "revenue": 232611000,
        "netIncome": 11350000,
        "period": "2019A",
        "fPeriodEndDate": 43646,
        "curCode": "NZD"
      }
    ]
  },
  {
    "symbol": "NOU",
    "displayName": "NOUMI LIMITED",
    "industry": "Food, Beverage & Tobacco",
    "dateListed": "1985-11-07",
    "marketCap": 48494131,
    "xid": "256642",
    "priceChangeFiveDayPercent": 2.9411764705882377,
    "isRecentListing": false,
    "priceAsk": 0.185,
    "priceBid": 0.17500000000000002,
    "priceChange": 0,
    "priceChangePercent": 0,
    "priceLast": 0.17500000000000002,
    "sector": "Consumer Staples",
    "industryGroup": "Food, Beverage & Tobacco",
    "securityType": 1,
    "volume": 1333,
    "statusCode": "",
    "isin": "AU0000192346",
    "priceClose": 0.17500000000000002,
    "priceDayHigh": 0.17500000000000002,
    "priceDayLow": 0.17500000000000002,
    "priceFiftyTwoWeekHigh": 0.5,
    "priceFiftyTwoWeekLow": 0.1,
    "volumeAverage": 129509.184783,
    "dateExDate": "2019-11-01",
    "datePayDate": "2019-12-02",
    "dateRecordDate": "2019-11-04",
    "dividend": 0.0325,
    "dividendType": "F",
    "frankingPercent": 0,
    "cashFlow": -46.874,
    "earningsPerShare": -0.58136,
    "freeCashFlowYield": -0.0000100000010000001,
    "priceEarningsRatio": -99999.99,
    "priceToCash": -99999.99,
    "foreignExempt": false,
    "shareDescription": "Ordinary Fully Paid",
    "numOfShares": 277109319,
    "yieldAnnual": 0,
    "incomeStatement": [
      {
        "revenue": 522340000,
        "netIncome": -160742000,
        "period": "2022A",
        "fPeriodEndDate": 44742,
        "curCode": "AUD"
      },
      {
        "revenue": 559068000,
        "netIncome": -53177000,
        "period": "2021A",
        "fPeriodEndDate": 44377,
        "curCode": "AUD"
      },
      {
        "revenue": 516651000,
        "netIncome": -175658000,
        "period": "2020A",
        "fPeriodEndDate": 44012,
        "curCode": "AUD"
      },
      {
        "revenue": 461768000,
        "netIncome": -145827000,
        "period": "2019A",
        "fPeriodEndDate": 43646,
        "curCode": "AUD"
      }
    ]
  },
  {
    "symbol": "NUC",
    "displayName": "NUCHEV LIMITED",
    "industry": "Food, Beverage & Tobacco",
    "dateListed": "2019-12-09",
    "marketCap": 12159934,
    "xid": "565845511",
    "priceChangeFiveDayPercent": 4.3478260869565135,
    "isRecentListing": false,
    "priceAsk": 0.24,
    "priceBid": 0.23500000000000001,
    "priceChange": 0.004999999999999977,
    "priceChangePercent": 2.127659574468075,
    "priceLast": 0.24,
    "sector": "Consumer Staples",
    "industryGroup": "Food, Beverage & Tobacco",
    "securityType": 1,
    "volume": 6000,
    "statusCode": "",
    "isin": "AU0000067001",
    "priceClose": 0.23500000000000001,
    "priceDayHigh": 0.24,
    "priceDayLow": 0.24,
    "priceFiftyTwoWeekHigh": 0.84,
    "priceFiftyTwoWeekLow": 0.165,
    "volumeAverage": 14296.966102,
    "cashFlow": -8.30568,
    "earningsPerShare": -0.21457,
    "freeCashFlowYield": -0.0000100000010000001,
    "priceEarningsRatio": -99999.99,
    "priceToCash": -99999.99,
    "foreignExempt": false,
    "shareDescription": "Ordinary Fully Paid",
    "numOfShares": 51744398,
    "yieldAnnual": 0,
    "incomeStatement": [
      {
        "revenue": 9723810,
        "netIncome": -11108450,
        "period": "2022A",
        "fPeriodEndDate": 44742,
        "curCode": "AUD"
      },
      {
        "revenue": 10899340,
        "netIncome": -13268540,
        "period": "2021A",
        "fPeriodEndDate": 44377,
        "curCode": "AUD"
      },
      {
        "revenue": 17763250,
        "netIncome": -10902870,
        "period": "2020A",
        "fPeriodEndDate": 44012,
        "curCode": "AUD"
      },
      {
        "revenue": 9499280,
        "netIncome": -13499840,
        "period": "2019A",
        "fPeriodEndDate": 43646,
        "curCode": "AUD"
      }
    ]
  },
  {
    "symbol": "PFT",
    "displayName": "PURE FOODS TASMANIA LIMITED",
    "industry": "Food, Beverage & Tobacco",
    "dateListed": "2005-12-19",
    "marketCap": 15668274,
    "xid": "3701900",
    "priceChangeFiveDayPercent": -11.764705882352951,
    "isRecentListing": false,
    "priceAsk": 0.155,
    "priceBid": 0.15,
    "priceChange": -0.0050000000000000044,
    "priceChangePercent": -3.225806451612906,
    "priceLast": 0.15,
    "sector": "Consumer Staples",
    "industryGroup": "Food, Beverage & Tobacco",
    "securityType": 1,
    "volume": 235256,
    "statusCode": "",
    "isin": "AU0000086530",
    "priceClose": 0.155,
    "priceDayHigh": 0.155,
    "priceDayLow": 0.15,
    "priceFiftyTwoWeekHigh": 0.55775,
    "priceFiftyTwoWeekLow": 0.145,
    "volumeAverage": 101382.6441,
    "cashFlow": -5.70172,
    "earningsPerShare": -0.04814,
    "freeCashFlowYield": -0.0000100000010000001,
    "priceEarningsRatio": -99999.99,
    "priceToCash": -99999.99,
    "foreignExempt": false,
    "shareDescription": "Ordinary Fully Paid",
    "numOfShares": 101085637,
    "yieldAnnual": 0,
    "incomeStatement": [
      {
        "revenue": 9924810,
        "netIncome": -3338320,
        "period": "2022A",
        "fPeriodEndDate": 44742,
        "curCode": "AUD"
      },
      {
        "revenue": 7341480,
        "netIncome": -716310,
        "period": "2021A",
        "fPeriodEndDate": 44377,
        "curCode": "AUD"
      },
      {
        "revenue": 4279760,
        "netIncome": -203400,
        "period": "2020A",
        "fPeriodEndDate": 44012,
        "curCode": "AUD"
      },
      {
        "revenue": 0,
        "netIncome": -1089070,
        "period": "2019A",
        "fPeriodEndDate": 43646,
        "curCode": "AUD"
      }
    ]
  },
  {
    "symbol": "RFA",
    "displayName": "RARE FOODS AUSTRALIA LIMITED",
    "industry": "Food, Beverage & Tobacco",
    "dateListed": "2017-11-14",
    "marketCap": 15055709,
    "xid": "434709431",
    "priceChangeFiveDayPercent": 7.142857142857129,
    "isRecentListing": false,
    "priceAsk": 0.075,
    "priceBid": 0.07,
    "priceChange": 0,
    "priceChangePercent": 0,
    "priceLast": 0.075,
    "sector": "Consumer Staples",
    "industryGroup": "Food, Beverage & Tobacco",
    "securityType": 1,
    "volume": 22057,
    "statusCode": "",
    "isin": "AU0000195000",
    "priceClose": 0.075,
    "priceDayHigh": 0.075,
    "priceDayLow": 0.075,
    "priceFiftyTwoWeekHigh": 0.089,
    "priceFiftyTwoWeekLow": 0.045,
    "volumeAverage": 108132.803922,
    "cashFlow": -2.50129,
    "earningsPerShare": -0.00437,
    "freeCashFlowYield": -0.0000100000010000001,
    "priceEarningsRatio": -99999.99,
    "priceToCash": -99999.99,
    "foreignExempt": false,
    "shareDescription": "Ordinary Fully Paid",
    "numOfShares": 200742780,
    "yieldAnnual": 0,
    "incomeStatement": [
      {
        "revenue": 3976070,
        "netIncome": -853430,
        "period": "2022A",
        "fPeriodEndDate": 44742,
        "curCode": "AUD"
      },
      {
        "revenue": 3287060,
        "netIncome": -1683010,
        "period": "2021A",
        "fPeriodEndDate": 44377,
        "curCode": "AUD"
      },
      {
        "revenue": 2529830,
        "netIncome": -4564520,
        "period": "2020A",
        "fPeriodEndDate": 44012,
        "curCode": "AUD"
      },
      {
        "revenue": 3059760,
        "netIncome": 1034370,
        "period": "2019A",
        "fPeriodEndDate": 43646,
        "curCode": "AUD"
      }
    ]
  },
  {
    "symbol": "SGLLV",
    "displayName": "RICEGROWERS LIMITED",
    "industry": "Food, Beverage & Tobacco",
    "dateListed": "2019-04-08",
    "marketCap": 408710123,
    "xid": "524947652",
    "priceChangeFiveDayPercent": 3.186646433990895,
    "isRecentListing": false,
    "priceAsk": 6.87,
    "priceBid": 6.8100000000000005,
    "priceChange": 0.29000000000000004,
    "priceChangePercent": 4.454685099846391,
    "priceLast": 6.8,
    "sector": "Consumer Staples",
    "industryGroup": "Food, Beverage & Tobacco",
    "securityType": 1,
    "volume": 200,
    "statusCode": "",
    "isin": "AU0000040982",
    "priceClose": 6.51,
    "priceDayHigh": 6.8,
    "priceDayLow": 6.6000000000000005,
    "priceFiftyTwoWeekHigh": 7.93,
    "priceFiftyTwoWeekLow": 6.15,
    "volumeAverage": 8606.51087,
    "dateExDate": "2022-06-28",
    "datePayDate": "2022-07-29",
    "dateRecordDate": "2022-06-29",
    "dividend": 0.3,
    "dividendType": "F",
    "frankingPercent": 100,
    "cashFlow": -12.108,
    "earningsPerShare": 0.76848,
    "freeCashFlowYield": 0.18034492770873575,
    "priceEarningsRatio": 8.69248,
    "priceToCash": 5.54493,
    "foreignExempt": false,
    "shareDescription": "Class B Limited-voting Ordinary Fully Paid",
    "numOfShares": 62781893,
    "yieldAnnual": 4.852941176470588,
    "incomeStatement": [
      {
        "revenue": 1334393000,
        "netIncome": 47553000,
        "period": "2022A",
        "fPeriodEndDate": 44681,
        "curCode": "AUD"
      },
      {
        "revenue": 1026219000,
        "netIncome": 20767000,
        "period": "2021A",
        "fPeriodEndDate": 44316,
        "curCode": "AUD"
      },
      {
        "revenue": 1134818000,
        "netIncome": 27013000,
        "period": "2020A",
        "fPeriodEndDate": 43951,
        "curCode": "AUD"
      },
      {
        "revenue": 1193063000,
        "netIncome": 31498000,
        "period": "2019A",
        "fPeriodEndDate": 43585,
        "curCode": "AUD"
      }
    ]
  },
  {
    "symbol": "RIC",
    "displayName": "RIDLEY CORPORATION LIMITED",
    "industry": "Food, Beverage & Tobacco",
    "dateListed": "1987-08-13",
    "marketCap": 638989950,
    "xid": "242072",
    "priceChangeFiveDayPercent": -3.6945812807881646,
    "isRecentListing": false,
    "isin": "AU000000RIC6",
    "priceAsk": 2.05,
    "priceBid": 1.935,
    "priceClose": 2,
    "priceDayHigh": 2.04,
    "priceDayLow": 1.95,
    "priceFiftyTwoWeekHigh": 2.25,
    "priceFiftyTwoWeekLow": 1.29,
    "volumeAverage": 845580.217391,
    "dateExDate": "2022-10-05",
    "datePayDate": "2022-10-27",
    "dateRecordDate": "2022-10-06",
    "dividend": 0.04,
    "dividendType": "F",
    "frankingPercent": 100,
    "cashFlow": 5.737,
    "earningsPerShare": 0.12783,
    "freeCashFlowYield": 0.10558535995632991,
    "priceEarningsRatio": 15.88047,
    "priceToCash": 9.47101,
    "foreignExempt": false,
    "shareDescription": "Ordinary Fully Paid",
    "numOfShares": 319494975,
    "yieldAnnual": 3.785166240409207,
    "incomeStatement": [
      {
        "revenue": 1049086000,
        "netIncome": 42430000,
        "period": "2022A",
        "fPeriodEndDate": 44742,
        "curCode": "AUD"
      },
      {
        "revenue": 927740000,
        "netIncome": 24896000,
        "period": "2021A",
        "fPeriodEndDate": 44377,
        "curCode": "AUD"
      },
      {
        "revenue": 968028000,
        "netIncome": -10862000,
        "period": "2020A",
        "fPeriodEndDate": 44012,
        "curCode": "AUD"
      },
      {
        "revenue": 1003064000,
        "netIncome": 23565000,
        "period": "2019A",
        "fPeriodEndDate": 43646,
        "curCode": "AUD"
      }
    ]
  },
  {
    "symbol": "SFG",
    "displayName": "SEAFARMS GROUP LIMITED",
    "industry": "Food, Beverage & Tobacco",
    "dateListed": "1990-06-14",
    "marketCap": -1,
    "xid": "79849",
    "priceChangeFiveDayPercent": 1.3344026738283132e-14,
    "isRecentListing": false,
    "priceChange": 0,
    "priceChangePercent": 0,
    "priceLast": 0.013000000000000001,
    "sector": "Consumer Staples",
    "industryGroup": "Food, Beverage & Tobacco",
    "securityType": 1,
    "volume": 0,
    "statusCode": "",
    "isin": "AU000000SFG1",
    "priceClose": 0.013000000000000001,
    "priceFiftyTwoWeekHigh": 0.052,
    "priceFiftyTwoWeekLow": 0.01,
    "volumeAverage": 1954275.345679,
    "cashFlow": -62.7621,
    "earningsPerShare": -0.01643,
    "freeCashFlowYield": -0.0000100000010000001,
    "priceEarningsRatio": -99999.99,
    "priceToCash": -99999.99,
    "foreignExempt": false,
    "shareDescription": "Ordinary Fully Paid",
    "numOfShares": 4836599179,
    "yieldAnnual": 0,
    "incomeStatement": [
      {
        "revenue": 20049200,
        "netIncome": -75113540,
        "period": "2022A",
        "fPeriodEndDate": 44742,
        "curCode": "AUD"
      },
      {
        "revenue": 20981880,
        "netIncome": -25755550,
        "period": "2021A",
        "fPeriodEndDate": 44377,
        "curCode": "AUD"
      },
      {
        "revenue": 27815690,
        "netIncome": -25542670,
        "period": "2020A",
        "fPeriodEndDate": 44012,
        "curCode": "AUD"
      },
      {
        "revenue": 24394800,
        "netIncome": -30944300,
        "period": "2019A",
        "fPeriodEndDate": 43646,
        "curCode": "AUD"
      }
    ]
  },
  {
    "symbol": "SHV",
    "displayName": "SELECT HARVESTS LIMITED",
    "industry": "Food, Beverage & Tobacco",
    "dateListed": "1978-06-15",
    "marketCap": 619268188,
    "xid": "253118",
    "priceChangeFiveDayPercent": -2.298850574712629,
    "isRecentListing": false,
    "priceAsk": 5.15,
    "priceBid": 5.05,
    "priceChange": -0.019999999999999574,
    "priceChangePercent": -0.3906249999999917,
    "priceLast": 5.1000000000000005,
    "sector": "Consumer Staples",
    "industryGroup": "Food, Beverage & Tobacco",
    "securityType": 1,
    "volume": 67875,
    "statusCode": "",
    "isin": "AU000000SHV6",
    "priceClose": 5.12,
    "priceDayHigh": 5.19,
    "priceDayLow": 5.08,
    "priceFiftyTwoWeekHigh": 8.2,
    "priceFiftyTwoWeekLow": 4.48,
    "volumeAverage": 279386.815217,
    "dateExDate": "2021-12-09",
    "datePayDate": "2022-02-04",
    "dateRecordDate": "2021-12-10",
    "dividend": 0.08,
    "dividendType": "F",
    "frankingPercent": 100,
    "cashFlow": -124.776,
    "earningsPerShare": 0.21269,
    "freeCashFlowYield": 0.07785427392714865,
    "priceEarningsRatio": 24.16663,
    "priceToCash": 12.84451,
    "foreignExempt": false,
    "shareDescription": "Ordinary Fully Paid",
    "numOfShares": 120950818,
    "yieldAnnual": 1.568627450980392,
    "incomeStatement": [
      {
        "revenue": 228595000,
        "netIncome": 15116000,
        "period": "2021A",
        "fPeriodEndDate": 44469,
        "curCode": "AUD"
      },
      {
        "revenue": 187108000,
        "netIncome": 25001000,
        "period": "2020A",
        "fPeriodEndDate": 44104,
        "curCode": "AUD"
      },
      {
        "revenue": 298474000,
        "netIncome": 53022000,
        "period": "2019A",
        "fPeriodEndDate": 43738,
        "curCode": "AUD"
      },
      {
        "revenue": 67581000,
        "netIncome": -1536000,
        "period": "2018A",
        "fPeriodEndDate": 43373,
        "curCode": "AUD"
      }
    ]
  },
  {
    "symbol": "SM1",
    "displayName": "SYNLAIT MILK LIMITED",
    "industry": "Food, Beverage & Tobacco",
    "dateListed": "2016-11-25",
    "marketCap": 631701000,
    "xid": "372477979",
    "priceChangeFiveDayPercent": -6.451612903225812,
    "isRecentListing": false,
    "priceAsk": 2.9,
    "priceBid": 2.85,
    "priceChange": 0.009999999999999787,
    "priceChangePercent": 0.34602076124566733,
    "priceLast": 2.9,
    "sector": "Consumer Staples",
    "industryGroup": "Food, Beverage & Tobacco",
    "securityType": 1,
    "volume": 24773,
    "statusCode": "",
    "isin": "NZSMLE0001S9",
    "priceClose": 2.89,
    "priceDayHigh": 2.95,
    "priceDayLow": 2.88,
    "priceFiftyTwoWeekHigh": 3.75,
    "priceFiftyTwoWeekLow": 2.71,
    "volumeAverage": 15758.554348,
    "cashFlow": 136.662,
    "earningsPerShare": 0.17585,
    "freeCashFlowYield": 0.12518903544351973,
    "priceEarningsRatio": 19.27779,
    "priceToCash": 7.98792,
    "foreignExempt": true,
    "shareDescription": "Ordinary Fully Paid Foreign Exempt Nzx",
    "numOfShares": 218581661,
    "yieldAnnual": 0,
    "incomeStatement": [
      {
        "revenue": 1660601000,
        "netIncome": 38523000,
        "period": "2022A",
        "fPeriodEndDate": 44773,
        "curCode": "NZD"
      },
      {
        "revenue": 1367349000,
        "netIncome": -28451000,
        "period": "2021A",
        "fPeriodEndDate": 44408,
        "curCode": "NZD"
      },
      {
        "revenue": 1302025000,
        "netIncome": 74309000,
        "period": "2020A",
        "fPeriodEndDate": 44043,
        "curCode": "NZD"
      },
      {
        "revenue": 1024305000,
        "netIncome": 82239000,
        "period": "2019A",
        "fPeriodEndDate": 43677,
        "curCode": "NZD"
      }
    ]
  },
  {
    "symbol": "TFL",
    "displayName": "TASFOODS LIMITED",
    "industry": "Food, Beverage & Tobacco",
    "dateListed": "1999-12-16",
    "marketCap": 27099922,
    "xid": "86443",
    "priceChangeFiveDayPercent": -6.349206349206344,
    "isRecentListing": false,
    "priceAsk": 0.06,
    "priceBid": 0.058,
    "priceChange": -0.0029999999999999957,
    "priceChangePercent": -4.838709677419349,
    "priceLast": 0.059000000000000004,
    "sector": "Consumer Staples",
    "industryGroup": "Food, Beverage & Tobacco",
    "securityType": 1,
    "volume": 521345,
    "statusCode": "",
    "isin": "AU000000TFL9",
    "priceClose": 0.062,
    "priceDayHigh": 0.062,
    "priceDayLow": 0.059000000000000004,
    "priceFiftyTwoWeekHigh": 0.11,
    "priceFiftyTwoWeekLow": 0.059,
    "volumeAverage": 275843.825397,
    "dateExDate": "2015-02-19",
    "datePayDate": "2015-03-20",
    "dateRecordDate": "2015-02-23",
    "dividend": 0.09,
    "dividendType": "I",
    "frankingPercent": 0,
    "cashFlow": -7.487,
    "earningsPerShare": -0.03919,
    "freeCashFlowYield": -0.0000100000010000001,
    "priceEarningsRatio": -99999.99,
    "priceToCash": -99999.99,
    "foreignExempt": false,
    "shareDescription": "Ordinary Fully Paid",
    "numOfShares": 437095516,
    "yieldAnnual": 0,
    "incomeStatement": [
      {
        "revenue": 69441000,
        "netIncome": -10741000,
        "period": "2021A",
        "fPeriodEndDate": 44561,
        "curCode": "AUD"
      },
      {
        "revenue": 66911000,
        "netIncome": -6407000,
        "period": "2020A",
        "fPeriodEndDate": 44196,
        "curCode": "AUD"
      },
      {
        "revenue": 50690000,
        "netIncome": -3458000,
        "period": "2019A",
        "fPeriodEndDate": 43830,
        "curCode": "AUD"
      },
      {
        "revenue": 38391000,
        "netIncome": -1358000,
        "period": "2018A",
        "fPeriodEndDate": 43465,
        "curCode": "AUD"
      }
    ]
  },
  {
    "symbol": "TGR",
    "displayName": "TASSAL GROUP LIMITED",
    "industry": "Food, Beverage & Tobacco",
    "dateListed": "2003-11-12",
    "marketCap": 1114921929,
    "xid": "267848",
    "priceChangeFiveDayPercent": 0,
    "isRecentListing": false,
    "priceAsk": 5.19,
    "priceBid": 5.18,
    "priceChange": 0,
    "priceChangePercent": 0,
    "priceLast": 5.19,
    "sector": "Consumer Staples",
    "industryGroup": "Food, Beverage & Tobacco",
    "securityType": 1,
    "volume": 1656002,
    "statusCode": "",
    "isin": "AU000000TGR4",
    "priceClose": 5.19,
    "priceDayHigh": 5.2,
    "priceDayLow": 5.18,
    "priceFiftyTwoWeekHigh": 5.2,
    "priceFiftyTwoWeekLow": 3.2,
    "volumeAverage": 1653610.967391,
    "dateExDate": "2022-03-14",
    "datePayDate": "2022-03-30",
    "dateRecordDate": "2022-03-15",
    "dividend": 0.08,
    "dividendType": "I",
    "frankingPercent": 0,
    "cashFlow": 39.035,
    "earningsPerShare": 0.25828,
    "freeCashFlowYield": 0.11458757068620767,
    "priceEarningsRatio": 20.05575,
    "priceToCash": 8.72695,
    "foreignExempt": false,
    "shareDescription": "Ordinary Fully Paid",
    "numOfShares": 214821181,
    "yieldAnnual": 2.890173410404624,
    "incomeStatement": [
      {
        "revenue": 773338000,
        "netIncome": 55345000,
        "period": "2022A",
        "fPeriodEndDate": 44742,
        "curCode": "AUD"
      },
      {
        "revenue": 583860000,
        "netIncome": 34620000,
        "period": "2021A",
        "fPeriodEndDate": 44377,
        "curCode": "AUD"
      },
      {
        "revenue": 552706000,
        "netIncome": 69111000,
        "period": "2020A",
        "fPeriodEndDate": 44012,
        "curCode": "AUD"
      },
      {
        "revenue": 551819000,
        "netIncome": 58439000,
        "period": "2019A",
        "fPeriodEndDate": 43646,
        "curCode": "AUD"
      }
    ]
  },
  {
    "symbol": "A2M",
    "displayName": "THE A2 MILK COMPANY LIMITED",
    "industry": "Food, Beverage & Tobacco",
    "dateListed": "2015-03-31",
    "marketCap": 4045491512,
    "xid": "86540647",
    "priceChangeFiveDayPercent": -2.5408348457350214,
    "isRecentListing": false,
    "priceAsk": 5.45,
    "priceBid": 5.36,
    "priceChange": -0.07000000000000028,
    "priceChangePercent": -1.2867647058823581,
    "priceLast": 5.37,
    "sector": "Consumer Staples",
    "industryGroup": "Food, Beverage & Tobacco",
    "securityType": 1,
    "volume": 2201127,
    "statusCode": "",
    "isin": "NZATME0002S8",
    "priceClose": 5.44,
    "priceDayHigh": 5.46,
    "priceDayLow": 5.37,
    "priceFiftyTwoWeekHigh": 7.45,
    "priceFiftyTwoWeekLow": 3.9,
    "volumeAverage": 3417286.695652,
    "cashFlow": 198.632,
    "earningsPerShare": 0.16486,
    "freeCashFlowYield": 0.02866777687410575,
    "priceEarningsRatio": 38.03227,
    "priceToCash": 34.88237,
    "foreignExempt": false,
    "shareDescription": "Ordinary Fully Paid",
    "numOfShares": 743656528,
    "yieldAnnual": 0,
    "incomeStatement": [
      {
        "revenue": 1443740000,
        "netIncome": 122624000,
        "period": "2022A",
        "fPeriodEndDate": 44742,
        "curCode": "NZD"
      },
      {
        "revenue": 1205034000,
        "netIncome": 80658000,
        "period": "2021A",
        "fPeriodEndDate": 44377,
        "curCode": "NZD"
      },
      {
        "revenue": 1730696000,
        "netIncome": 385837000,
        "period": "2020A",
        "fPeriodEndDate": 44012,
        "curCode": "NZD"
      },
      {
        "revenue": 1300590000,
        "netIncome": 287741000,
        "period": "2019A",
        "fPeriodEndDate": 43646,
        "curCode": "NZD"
      }
    ]
  },
  {
    "symbol": "FOD",
    "displayName": "THE FOOD REVOLUTION GROUP LIMITED",
    "industry": "Food, Beverage & Tobacco",
    "dateListed": "2012-06-29",
    "marketCap": 20828757,
    "xid": "43643574",
    "priceChangeFiveDayPercent": 4.347826086956526,
    "isRecentListing": false,
    "priceAsk": 0.025,
    "priceBid": 0.024,
    "priceChange": 0.0020000000000000018,
    "priceChangePercent": 9.090909090909099,
    "priceLast": 0.024,
    "sector": "Consumer Staples",
    "industryGroup": "Food, Beverage & Tobacco",
    "securityType": 1,
    "volume": 400000,
    "statusCode": "",
    "isin": "AU000000FOD7",
    "priceClose": 0.022,
    "priceDayHigh": 0.024,
    "priceDayLow": 0.024,
    "priceFiftyTwoWeekHigh": 0.031,
    "priceFiftyTwoWeekLow": 0.017,
    "volumeAverage": 525974.682353,
    "cashFlow": -1.10339,
    "earningsPerShare": -0.00296,
    "freeCashFlowYield": -0.0000100000010000001,
    "priceEarningsRatio": -99999.99,
    "priceToCash": -99999.99,
    "foreignExempt": false,
    "shareDescription": "Ordinary Fully Paid",
    "numOfShares": 946761672,
    "yieldAnnual": 0,
    "incomeStatement": [
      {
        "revenue": 35383280,
        "netIncome": -2827350,
        "period": "2022A",
        "fPeriodEndDate": 44742,
        "curCode": "AUD"
      },
      {
        "revenue": 34026090,
        "netIncome": -2166780,
        "period": "2021A",
        "fPeriodEndDate": 44377,
        "curCode": "AUD"
      },
      {
        "revenue": 34813990,
        "netIncome": -9613160,
        "period": "2020A",
        "fPeriodEndDate": 44012,
        "curCode": "AUD"
      },
      {
        "revenue": 29271330,
        "netIncome": -15752700,
        "period": "2019A",
        "fPeriodEndDate": 43646,
        "curCode": "AUD"
      }
    ]
  },
  {
    "symbol": "TSN",
    "displayName": "THE SUSTAINABLE NUTRITION GROUP LTD",
    "industry": "Food, Beverage & Tobacco",
    "dateListed": "2003-12-23",
    "marketCap": -1,
    "xid": "37749",
    "priceChangeFiveDayPercent": 0,
    "isRecentListing": false,
    "priceChange": 0,
    "priceChangePercent": 0,
    "priceLast": 0.14,
    "sector": "Consumer Staples",
    "industryGroup": "Food, Beverage & Tobacco",
    "securityType": 1,
    "volume": 0,
    "statusCode": "",
    "isin": "AU0000182867",
    "priceClose": 0.14,
    "priceFiftyTwoWeekHigh": 0.3,
    "priceFiftyTwoWeekLow": 0.115,
    "cashFlow": -5.11485,
    "earningsPerShare": -0.04651,
    "freeCashFlowYield": -0.0000100000010000001,
    "priceEarningsRatio": -99999.99,
    "priceToCash": -99999.99,
    "foreignExempt": false,
    "shareDescription": "Ordinary Fully Paid",
    "numOfShares": 120606385,
    "yieldAnnual": 0,
    "incomeStatement": [
      {
        "revenue": 3473890,
        "netIncome": -4961360,
        "period": "2022A",
        "fPeriodEndDate": 44742,
        "curCode": "AUD"
      },
      {
        "revenue": 1889340,
        "netIncome": -4393310,
        "period": "2021A",
        "fPeriodEndDate": 44377,
        "curCode": "AUD"
      },
      {
        "revenue": 1158790,
        "netIncome": -5914270,
        "period": "2020A",
        "fPeriodEndDate": 44012,
        "curCode": "AUD"
      },
      {
        "revenue": 11080,
        "netIncome": -516080,
        "period": "2019A",
        "fPeriodEndDate": 43646,
        "curCode": "AUD"
      }
    ]
  },
  {
    "symbol": "TSI",
    "displayName": "TOP SHELF INTERNATIONAL HOLDINGS LTD",
    "industry": "Food, Beverage & Tobacco",
    "dateListed": "2020-12-10",
    "marketCap": 88769227,
    "xid": "629538016",
    "priceChangeFiveDayPercent": -4.615384615384619,
    "isRecentListing": false,
    "priceAsk": 1.24,
    "priceBid": 1,
    "priceChange": 0,
    "priceChangePercent": 0,
    "priceLast": 1.24,
    "sector": "Consumer Staples",
    "industryGroup": "Food, Beverage & Tobacco",
    "securityType": 1,
    "volume": 148597,
    "statusCode": "",
    "isin": "AU0000118887",
    "priceClose": 1.24,
    "priceDayHigh": 1.25,
    "priceDayLow": 1.1500000000000001,
    "priceFiftyTwoWeekHigh": 1.83424,
    "priceFiftyTwoWeekLow": 0.97,
    "volumeAverage": 60833.5,
    "cashFlow": -29.091,
    "earningsPerShare": -0.2718,
    "freeCashFlowYield": -0.0000100000010000001,
    "priceEarningsRatio": -99999.99,
    "priceToCash": -99999.99,
    "foreignExempt": false,
    "shareDescription": "Ordinary Fully Paid",
    "numOfShares": 71588086,
    "yieldAnnual": 0,
    "incomeStatement": [
      {
        "revenue": 25283000,
        "netIncome": -16438000,
        "period": "2022A",
        "fPeriodEndDate": 44742,
        "curCode": "AUD"
      },
      {
        "revenue": 19161000,
        "netIncome": -10739000,
        "period": "2021A",
        "fPeriodEndDate": 44377,
        "curCode": "AUD"
      },
      {
        "revenue": 7679000,
        "netIncome": -4831000,
        "period": "2020A",
        "fPeriodEndDate": 44012,
        "curCode": "AUD"
      },
      {
        "revenue": 2163000,
        "netIncome": -2815000,
        "period": "2019A",
        "fPeriodEndDate": 43646,
        "curCode": "AUD"
      }
    ]
  },
  {
    "symbol": "TWE",
    "displayName": "TREASURY WINE ESTATES LIMITED",
    "industry": "Food, Beverage & Tobacco",
    "dateListed": "2011-05-10",
    "marketCap": 9254093616,
    "xid": "31673737",
    "priceChangeFiveDayPercent": -2.461538461538464,
    "isRecentListing": false,
    "priceAsk": 12.8,
    "priceBid": 12.6,
    "priceChange": -0.14000000000000057,
    "priceChangePercent": -1.0920436817472743,
    "priceLast": 12.68,
    "sector": "Consumer Staples",
    "industryGroup": "Food, Beverage & Tobacco",
    "securityType": 1,
    "volume": 1119457,
    "statusCode": "",
    "isin": "AU000000TWE9",
    "priceClose": 12.82,
    "priceDayHigh": 12.89,
    "priceDayLow": 12.68,
    "priceFiftyTwoWeekHigh": 13.68,
    "priceFiftyTwoWeekLow": 10.37,
    "volumeAverage": 1806721.336957,
    "dateExDate": "2022-08-31",
    "datePayDate": "2022-09-30",
    "dateRecordDate": "2022-09-01",
    "dividend": 0.16,
    "dividendType": "F",
    "frankingPercent": 100,
    "cashFlow": 247.7,
    "earningsPerShare": 0.36289,
    "freeCashFlowYield": 0.038093975552048374,
    "priceEarningsRatio": 35.68574,
    "priceToCash": 26.25087,
    "foreignExempt": false,
    "shareDescription": "Ordinary Fully Paid",
    "numOfShares": 721848176,
    "yieldAnnual": 2.444794952681388,
    "incomeStatement": [
      {
        "revenue": 2531800000,
        "netIncome": 263200000,
        "period": "2022A",
        "fPeriodEndDate": 44742,
        "curCode": "AUD"
      },
      {
        "revenue": 2683900000,
        "netIncome": 250000000,
        "period": "2021A",
        "fPeriodEndDate": 44377,
        "curCode": "AUD"
      },
      {
        "revenue": 2678200000,
        "netIncome": 245400000,
        "period": "2020A",
        "fPeriodEndDate": 44012,
        "curCode": "AUD"
      },
      {
        "revenue": 2883000000,
        "netIncome": 408500000,
        "period": "2019A",
        "fPeriodEndDate": 43646,
        "curCode": "AUD"
      }
    ]
  },
  {
    "symbol": "UMG",
    "displayName": "UNITED MALT GROUP LIMITED",
    "industry": "Food, Beverage & Tobacco",
    "dateListed": "2020-03-24",
    "marketCap": 900529196,
    "xid": "584421563",
    "priceChangeFiveDayPercent": -6.230529595015567,
    "isRecentListing": false,
    "priceAsk": 3.24,
    "priceBid": 2.96,
    "priceChange": 0,
    "priceChangePercent": 0,
    "priceLast": 3.0100000000000002,
    "sector": "Consumer Staples",
    "industryGroup": "Food, Beverage & Tobacco",
    "securityType": 1,
    "volume": 1223034,
    "statusCode": "",
    "isin": "AU0000079691",
    "priceClose": 3.0100000000000002,
    "priceDayHigh": 3.0300000000000002,
    "priceDayLow": 2.92,
    "priceFiftyTwoWeekHigh": 4.62,
    "priceFiftyTwoWeekLow": 2.81,
    "volumeAverage": 1048909.402174,
    "dateExDate": "2022-06-01",
    "datePayDate": "2022-06-17",
    "dateRecordDate": "2022-06-02",
    "dividend": 0.015,
    "dividendType": "I",
    "frankingPercent": 0,
    "cashFlow": -42.1,
    "earningsPerShare": 0.036,
    "freeCashFlowYield": 0.07633925776866457,
    "priceEarningsRatio": 88.05556,
    "priceToCash": 13.09942,
    "foreignExempt": false,
    "shareDescription": "Ordinary Fully Paid",
    "numOfShares": 299179135,
    "yieldAnnual": 0,
    "incomeStatement": [
      {
        "revenue": 1235000000,
        "netIncome": 13800000,
        "period": "2021A",
        "fPeriodEndDate": 44469,
        "curCode": "AUD"
      },
      {
        "revenue": 1289100000,
        "netIncome": 45600000,
        "period": "2020A",
        "fPeriodEndDate": 44104,
        "curCode": "AUD"
      },
      {
        "revenue": 1316500000,
        "netIncome": 56900000,
        "period": "2019A",
        "fPeriodEndDate": 43738,
        "curCode": "AUD"
      },
      {
        "revenue": 1152400000,
        "netIncome": 78200000,
        "period": "2018A",
        "fPeriodEndDate": 43373,
        "curCode": "AUD"
      }
    ]
  },
  {
    "symbol": "WLD",
    "displayName": "WELLARD LIMITED",
    "industry": "Food, Beverage & Tobacco",
    "dateListed": "2015-12-10",
    "marketCap": 34531270,
    "xid": "319871741",
    "priceChangeFiveDayPercent": -5.797101449275367,
    "isRecentListing": false,
    "priceAsk": 0.069,
    "priceBid": 0.065,
    "priceChange": 0,
    "priceChangePercent": 0,
    "priceLast": 0.065,
    "sector": "Consumer Staples",
    "industryGroup": "Food, Beverage & Tobacco",
    "securityType": 1,
    "volume": 54252,
    "statusCode": "",
    "isin": "AU000000WLD8",
    "priceClose": 0.065,
    "priceDayHigh": 0.065,
    "priceDayLow": 0.065,
    "priceFiftyTwoWeekHigh": 0.14,
    "priceFiftyTwoWeekLow": 0.065,
    "volumeAverage": 160364.070423,
    "cashFlow": 24.59229,
    "earningsPerShare": 0.03047,
    "freeCashFlowYield": 0.884885274624145,
    "priceEarningsRatio": 2.23135,
    "priceToCash": 1.13009,
    "foreignExempt": false,
    "shareDescription": "Ordinary Fully Paid",
    "numOfShares": 531250312,
    "yieldAnnual": 0,
    "incomeStatement": [
      {
        "revenue": 45048000,
        "netIncome": 9933000,
        "period": "2022A",
        "fPeriodEndDate": 44742,
        "curCode": "USD"
      },
      {
        "revenue": 43433000,
        "netIncome": 1862000,
        "period": "2021A",
        "fPeriodEndDate": 44377,
        "curCode": "USD"
      },
      {
        "revenue": 58788000,
        "netIncome": 164000,
        "period": "2020A",
        "fPeriodEndDate": 44012,
        "curCode": "USD"
      },
      {
        "revenue": 160049970,
        "netIncome": -32980000,
        "period": "2019A",
        "fPeriodEndDate": 43646,
        "curCode": "USD"
      }
    ]
  },
  {
    "symbol": "WNX",
    "displayName": "WELLNEX LIFE LIMITED",
    "industry": "Food, Beverage & Tobacco",
    "dateListed": "2017-03-15",
    "marketCap": 26084300,
    "xid": "400429759",
    "priceChangeFiveDayPercent": 11.538461538461549,
    "isRecentListing": false,
    "priceAsk": 0.08700000000000001,
    "priceBid": 0.085,
    "priceChange": 0.0010000000000000009,
    "priceChangePercent": 1.1627906976744196,
    "priceLast": 0.08700000000000001,
    "sector": "Consumer Staples",
    "industryGroup": "Food, Beverage & Tobacco",
    "securityType": 1,
    "volume": 642946,
    "statusCode": "",
    "isin": "AU0000162281",
    "priceClose": 0.08600000000000001,
    "priceDayHigh": 0.089,
    "priceDayLow": 0.085,
    "priceFiftyTwoWeekHigh": 0.15,
    "priceFiftyTwoWeekLow": 0.063,
    "volumeAverage": 418610.647727,
    "cashFlow": -8.653,
    "earningsPerShare": -0.02465,
    "freeCashFlowYield": -0.0000100000010000001,
    "priceEarningsRatio": -99999.99,
    "priceToCash": -99999.99,
    "foreignExempt": false,
    "shareDescription": "Ordinary Fully Paid",
    "numOfShares": 303305814,
    "yieldAnnual": 0,
    "incomeStatement": [
      {
        "revenue": 18607000,
        "netIncome": -7449000,
        "period": "2022A",
        "fPeriodEndDate": 44742,
        "curCode": "AUD"
      },
      {
        "revenue": 1195000,
        "netIncome": -24688000,
        "period": "2021A",
        "fPeriodEndDate": 44377,
        "curCode": "AUD"
      },
      {
        "revenue": 993000,
        "netIncome": -46266000,
        "period": "2020A",
        "fPeriodEndDate": 44012,
        "curCode": "AUD"
      },
      {
        "revenue": 1095000,
        "netIncome": -9911000,
        "period": "2019A",
        "fPeriodEndDate": 43646,
        "curCode": "AUD"
      }
    ]
  },
  {
    "symbol": "WOA",
    "displayName": "WIDE OPEN AGRICULTURE LTD",
    "industry": "Food, Beverage & Tobacco",
    "dateListed": "2018-07-06",
    "marketCap": 66277274,
    "xid": "473696716",
    "priceChangeFiveDayPercent": 7.865168539325836,
    "isRecentListing": false,
    "priceAsk": 0.495,
    "priceBid": 0.455,
    "priceChange": 0.014999999999999958,
    "priceChangePercent": 3.225806451612894,
    "priceLast": 0.48,
    "sector": "Consumer Staples",
    "industryGroup": "Food, Beverage & Tobacco",
    "securityType": 1,
    "volume": 208,
    "statusCode": "",
    "isin": "AU0000010464",
    "priceClose": 0.465,
    "priceDayHigh": 0.485,
    "priceDayLow": 0.48,
    "priceFiftyTwoWeekHigh": 0.86,
    "priceFiftyTwoWeekLow": 0.445,
    "volumeAverage": 85533.065217,
    "cashFlow": -12.52814,
    "earningsPerShare": -0.08346,
    "freeCashFlowYield": -0.0000100000010000001,
    "priceEarningsRatio": -99999.99,
    "priceToCash": -99999.99,
    "foreignExempt": false,
    "shareDescription": "Ordinary Fully Paid",
    "numOfShares": 142531773,
    "yieldAnnual": 0,
    "incomeStatement": [
      {
        "revenue": 9259500,
        "netIncome": -10788230,
        "period": "2022A",
        "fPeriodEndDate": 44742,
        "curCode": "AUD"
      },
      {
        "revenue": 4315310,
        "netIncome": -7529620,
        "period": "2021A",
        "fPeriodEndDate": 44377,
        "curCode": "AUD"
      },
      {
        "revenue": 1911170,
        "netIncome": -1856120,
        "period": "2020A",
        "fPeriodEndDate": 44012,
        "curCode": "AUD"
      },
      {
        "revenue": 305710,
        "netIncome": -2079200,
        "period": "2019A",
        "fPeriodEndDate": 43646,
        "curCode": "AUD"
      }
    ]
  },
  {
    "symbol": "WNR",
    "displayName": "WINGARA AG LTD",
    "industry": "Food, Beverage & Tobacco",
    "dateListed": "1990-01-31",
    "marketCap": 11410263,
    "xid": "61175",
    "priceChangeFiveDayPercent": 0,
    "isRecentListing": false,
    "priceAsk": 0.095,
    "priceBid": 0.066,
    "priceChange": 0,
    "priceChangePercent": 0,
    "priceLast": 0.065,
    "sector": "Consumer Staples",
    "industryGroup": "Food, Beverage & Tobacco",
    "securityType": 1,
    "volume": 0,
    "statusCode": "",
    "isin": "AU000000WNR4",
    "priceClose": 0.065,
    "priceFiftyTwoWeekHigh": 0.11,
    "priceFiftyTwoWeekLow": 0.045,
    "volumeAverage": 37560.944444,
    "cashFlow": 0.69726,
    "earningsPerShare": -0.03528,
    "freeCashFlowYield": -0.0000100000010000001,
    "priceEarningsRatio": -99999.99,
    "priceToCash": -99999.99,
    "foreignExempt": false,
    "shareDescription": "Ordinary Fully Paid",
    "numOfShares": 175542504,
    "yieldAnnual": 0,
    "incomeStatement": [
      {
        "revenue": 39346240,
        "netIncome": -9696900,
        "period": "2022A",
        "fPeriodEndDate": 44651,
        "curCode": "AUD"
      },
      {
        "revenue": 27608400,
        "netIncome": -6232810,
        "period": "2021A",
        "fPeriodEndDate": 44286,
        "curCode": "AUD"
      },
      {
        "revenue": 35057600,
        "netIncome": 787010,
        "period": "2020A",
        "fPeriodEndDate": 43921,
        "curCode": "AUD"
      },
      {
        "revenue": 29119950,
        "netIncome": 906130,
        "period": "2019A",
        "fPeriodEndDate": 43555,
        "curCode": "AUD"
      }
    ]
  },
  {
    "symbol": "YOW",
    "displayName": "YOWIE GROUP LTD",
    "industry": "Food, Beverage & Tobacco",
    "dateListed": "1999-09-15",
    "marketCap": 10928395,
    "xid": "1742033",
    "priceChangeFiveDayPercent": 6.250000000000005,
    "isRecentListing": false,
    "priceAsk": 0.051000000000000004,
    "priceBid": 0.049,
    "priceChange": 0.0010000000000000009,
    "priceChangePercent": 2.0000000000000018,
    "priceLast": 0.051000000000000004,
    "sector": "Consumer Staples",
    "industryGroup": "Food, Beverage & Tobacco",
    "securityType": 1,
    "volume": 80744,
    "statusCode": "",
    "isin": "AU000000YOW8",
    "priceClose": 0.05,
    "priceDayHigh": 0.051000000000000004,
    "priceDayLow": 0.05,
    "priceFiftyTwoWeekHigh": 0.058,
    "priceFiftyTwoWeekLow": 0.042,
    "volumeAverage": 241176,
    "cashFlow": -0.1595,
    "earningsPerShare": 0.00567,
    "freeCashFlowYield": 0.1418920740506356,
    "priceEarningsRatio": 8.46546,
    "priceToCash": 7.04761,
    "foreignExempt": false,
    "shareDescription": "Ordinary Fully Paid",
    "numOfShares": 218567901,
    "yieldAnnual": 0,
    "incomeStatement": [
      {
        "revenue": 15605660,
        "netIncome": 839510,
        "period": "2022A",
        "fPeriodEndDate": 44742,
        "curCode": "USD"
      },
      {
        "revenue": 12578380,
        "netIncome": 921220,
        "period": "2021A",
        "fPeriodEndDate": 44377,
        "curCode": "USD"
      },
      {
        "revenue": 10754000,
        "netIncome": -8132610,
        "period": "2020A",
        "fPeriodEndDate": 44012,
        "curCode": "USD"
      },
      {
        "revenue": 14695240,
        "netIncome": -5099510,
        "period": "2019A",
        "fPeriodEndDate": 43646,
        "curCode": "USD"
      }
    ]
  }
]