[
  {
    "symbol": "8CO",
    "displayName": "8COMMON LIMITED",
    "industry": "Software & Services",
    "dateListed": "2014-08-27",
    "marketCap": 20002923,
    "xid": "77805543",
    "priceChangeFiveDayPercent": 0,
    "isRecentListing": false,
    "priceAsk": 0.099,
    "priceBid": 0.091,
    "priceChange": 0,
    "priceChangePercent": 0,
    "priceLast": 0.09,
    "sector": "Information Technology",
    "industryGroup": "Software & Services",
    "securityType": 1,
    "volume": 0,
    "upcomingEventName": "Annual General Meeting",
    "statusCode": "",
    "isin": "AU0000008CO0",
    "priceClose": 0.09,
    "priceFiftyTwoWeekHigh": 0.225,
    "priceFiftyTwoWeekLow": 0.083,
    "volumeAverage": 127400.434211,
    "cashFlow": -3.5601,
    "earningsPerShare": -0.01136,
    "freeCashFlowYield": -0.0000100000010000001,
    "priceEarningsRatio": -99999.99,
    "priceToCash": -99999.99,
    "foreignExempt": false,
    "shareDescription": "Ordinary Fully Paid",
    "numOfShares": 222254704,
    "yieldAnnual": 0,
    "incomeStatement": [
      {
        "revenue": 4570870,
        "netIncome": -2501090,
        "period": "2022A",
        "fPeriodEndDate": 44742,
        "curCode": "AUD"
      },
      {
        "revenue": 3507800,
        "netIncome": -1335590,
        "period": "2021A",
        "fPeriodEndDate": 44377,
        "curCode": "AUD"
      },
      {
        "revenue": 3760080,
        "netIncome": -804090,
        "period": "2020A",
        "fPeriodEndDate": 44012,
        "curCode": "AUD"
      },
      {
        "revenue": 3475480,
        "netIncome": -1356220,
        "period": "2019A",
        "fPeriodEndDate": 43646,
        "curCode": "AUD"
      }
    ]
  },
  {
    "symbol": "9SP",
    "displayName": "9 SPOKES INTERNATIONAL LIMITED",
    "industry": "Software & Services",
    "dateListed": "2016-06-09",
    "marketCap": -1,
    "xid": "350856611",
    "priceChangeFiveDayPercent": 0,
    "isRecentListing": false,
    "priceChange": 0,
    "priceChangePercent": 0,
    "priceLast": 0.004,
    "sector": "Information Technology",
    "industryGroup": "Software & Services",
    "securityType": 1,
    "volume": 0,
    "statusCode": "",
    "isin": "NZ9SPE0001S1",
    "priceClose": 0.004,
    "priceFiftyTwoWeekHigh": 0.016,
    "priceFiftyTwoWeekLow": 0.003,
    "cashFlow": -4.6232,
    "earningsPerShare": -0.00369,
    "freeCashFlowYield": -0.0000100000010000001,
    "priceEarningsRatio": -99999.99,
    "priceToCash": -99999.99,
    "foreignExempt": false,
    "shareDescription": "Ordinary Fully Paid",
    "numOfShares": 1866338233,
    "yieldAnnual": 0,
    "incomeStatement": [
      {
        "revenue": 6030000,
        "netIncome": -6194000,
        "period": "2022A",
        "fPeriodEndDate": 44651,
        "curCode": "NZD"
      },
      {
        "revenue": 6598000,
        "netIncome": -5095000,
        "period": "2021A",
        "fPeriodEndDate": 44286,
        "curCode": "NZD"
      },
      {
        "revenue": 6859000,
        "netIncome": -4881000,
        "period": "2020A",
        "fPeriodEndDate": 43921,
        "curCode": "NZD"
      },
      {
        "revenue": 8276000,
        "netIncome": -9030000,
        "period": "2019A",
        "fPeriodEndDate": 43555,
        "curCode": "NZD"
      }
    ]
  },
  {
    "symbol": "99L",
    "displayName": "99 LOYALTY LIMITED.",
    "industry": "Software & Services",
    "dateListed": "2013-10-08",
    "marketCap": 30151752,
    "xid": "592135903",
    "priceChangeFiveDayPercent": -11.538461538461537,
    "isRecentListing": false,
    "priceAsk": 0.023,
    "priceBid": 0.021,
    "priceChange": -0.0030000000000000027,
    "priceChangePercent": -11.538461538461547,
    "priceLast": 0.023,
    "sector": "Information Technology",
    "industryGroup": "Software & Services",
    "securityType": 1,
    "volume": 264475,
    "statusCode": "",
    "isin": "AU0000156499",
    "priceClose": 0.026000000000000002,
    "priceDayHigh": 0.03,
    "priceDayLow": 0.018000000000000002,
    "priceFiftyTwoWeekHigh": 0.06,
    "priceFiftyTwoWeekLow": 0.009,
    "volumeAverage": 97781.472727,
    "cashFlow": 1.3471,
    "earningsPerShare": -0.0172,
    "freeCashFlowYield": -0.0000100000010000001,
    "priceEarningsRatio": -99999.99,
    "priceToCash": -99999.99,
    "foreignExempt": false,
    "shareDescription": "Chess Depositary Interests 1:1",
    "numOfShares": 1159682763,
    "yieldAnnual": 0,
    "incomeStatement": [
      {
        "revenue": 208377600,
        "netIncome": -74231580,
        "period": "2021A",
        "fPeriodEndDate": 44561,
        "curCode": "CNY"
      },
      {
        "revenue": 232579670,
        "netIncome": 31559540,
        "period": "2020A",
        "fPeriodEndDate": 44196,
        "curCode": "CNY"
      },
      {
        "revenue": 191425470,
        "netIncome": 13124530,
        "period": "2019A",
        "fPeriodEndDate": 43830,
        "curCode": "CNY"
      },
      {
        "revenue": 131317360,
        "netIncome": -9169490,
        "period": "2018A",
        "fPeriodEndDate": 43465,
        "curCode": "CNY"
      }
    ]
  },
  {
    "symbol": "ATV",
    "displayName": "ACTIVEPORT GROUP LTD",
    "industry": "Software & Services",
    "dateListed": "2021-10-20",
    "marketCap": 16989970,
    "xid": "676836288",
    "priceChangeFiveDayPercent": -13.924050632911388,
    "isRecentListing": false,
    "priceAsk": 0.07,
    "priceBid": 0.06,
    "priceChange": 0,
    "priceChangePercent": 0,
    "priceLast": 0.068,
    "sector": "Information Technology",
    "industryGroup": "Software & Services",
    "securityType": 1,
    "volume": 30,
    "statusCode": "",
    "isin": "AU0000171910",
    "priceClose": 0.068,
    "priceDayHigh": 0.068,
    "priceDayLow": 0.068,
    "priceFiftyTwoWeekHigh": 0.205,
    "priceFiftyTwoWeekLow": 0.06,
    "volumeAverage": 153952.2,
    "cashFlow": -9.53798,
    "earningsPerShare": -0.02697,
    "freeCashFlowYield": -0.0000100000010000001,
    "priceEarningsRatio": -99999.99,
    "priceToCash": -99999.99,
    "foreignExempt": false,
    "shareDescription": "Ordinary Fully Paid",
    "numOfShares": 249852493,
    "yieldAnnual": 0,
    "incomeStatement": [
      {
        "revenue": 10638550,
        "netIncome": -6676170,
        "period": "2022A",
        "fPeriodEndDate": 44742,
        "curCode": "AUD"
      },
      {
        "revenue": 425640,
        "netIncome": -2679930,
        "period": "2021A",
        "fPeriodEndDate": 44377,
        "curCode": "AUD"
      },
      {
        "revenue": 0,
        "netIncome": -558570,
        "period": "2020A",
        "fPeriodEndDate": 44012,
        "curCode": "AUD"
      }
    ]
  },
  {
    "symbol": "ADA",
    "displayName": "ADACEL TECHNOLOGIES LIMITED",
    "industry": "Software & Services",
    "dateListed": "1998-02-27",
    "marketCap": 57316369,
    "xid": "38338",
    "priceChangeFiveDayPercent": 4.28571428571429,
    "isRecentListing": false,
    "priceAsk": 0.755,
    "priceBid": 0.73,
    "priceChange": -0.020000000000000018,
    "priceChangePercent": -2.666666666666669,
    "priceLast": 0.73,
    "sector": "Information Technology",
    "industryGroup": "Software & Services",
    "securityType": 1,
    "volume": 750,
    "statusCode": "",
    "isin": "AU000000ADA7",
    "priceClose": 0.75,
    "priceDayHigh": 0.73,
    "priceDayLow": 0.73,
    "priceFiftyTwoWeekHigh": 1.365,
    "priceFiftyTwoWeekLow": 0.67,
    "volumeAverage": 27508.295455,
    "dateExDate": "2022-08-31",
    "datePayDate": "2022-10-10",
    "dateRecordDate": "2022-09-01",
    "dividend": 0.0325,
    "dividendType": "F",
    "frankingPercent": 0,
    "cashFlow": -9.3812,
    "earningsPerShare": 0.06796,
    "freeCashFlowYield": 0.1402384895753719,
    "priceEarningsRatio": 10.44752,
    "priceToCash": 7.13071,
    "foreignExempt": false,
    "shareDescription": "Ordinary Fully Paid",
    "numOfShares": 76421825,
    "yieldAnnual": 8.21917808219178,
    "incomeStatement": [
      {
        "revenue": 29191000,
        "netIncome": 3262000,
        "period": "2022A",
        "fPeriodEndDate": 44742,
        "curCode": "USD"
      },
      {
        "revenue": 31062000,
        "netIncome": 5500000,
        "period": "2021A",
        "fPeriodEndDate": 44377,
        "curCode": "USD"
      },
      {
        "revenue": 28727680,
        "netIncome": 2536540,
        "period": "2020A",
        "fPeriodEndDate": 44012,
        "curCode": "USD"
      },
      {
        "revenue": 29633690,
        "netIncome": -1882510,
        "period": "2019A",
        "fPeriodEndDate": 43646,
        "curCode": "USD"
      }
    ]
  },
  {
    "symbol": "ADS",
    "displayName": "ADSLOT LTD.",
    "industry": "Software & Services",
    "dateListed": "1987-12-17",
    "marketCap": 24249265,
    "xid": "222495",
    "priceChangeFiveDayPercent": 9.999999999999993,
    "isRecentListing": false,
    "priceAsk": 0.011,
    "priceBid": 0.01,
    "priceChange": 0,
    "priceChangePercent": 0,
    "priceLast": 0.011,
    "sector": "Information Technology",
    "industryGroup": "Software & Services",
    "securityType": 1,
    "volume": 1176,
    "statusCode": "",
    "isin": "AU0000087819",
    "priceClose": 0.011,
    "priceDayHigh": 0.011,
    "priceDayLow": 0.011,
    "priceFiftyTwoWeekHigh": 0.029,
    "priceFiftyTwoWeekLow": 0.009,
    "volumeAverage": 1493819.697368,
    "cashFlow": -5.79711,
    "earningsPerShare": -0.00228,
    "freeCashFlowYield": -0.0000100000010000001,
    "priceEarningsRatio": -99999.99,
    "priceToCash": -99999.99,
    "foreignExempt": false,
    "shareDescription": "Ordinary Fully Paid",
    "numOfShares": 2204478656,
    "yieldAnnual": 0,
    "incomeStatement": [
      {
        "revenue": 9461800,
        "netIncome": -4647400,
        "period": "2022A",
        "fPeriodEndDate": 44742,
        "curCode": "AUD"
      },
      {
        "revenue": 9622600,
        "netIncome": -6280770,
        "period": "2021A",
        "fPeriodEndDate": 44377,
        "curCode": "AUD"
      },
      {
        "revenue": 10572950,
        "netIncome": -16617730,
        "period": "2020A",
        "fPeriodEndDate": 44012,
        "curCode": "AUD"
      },
      {
        "revenue": 10271630,
        "netIncome": -7042760,
        "period": "2019A",
        "fPeriodEndDate": 43646,
        "curCode": "AUD"
      }
    ]
  },
  {
    "symbol": "AHI",
    "displayName": "ADVANCED HUMAN IMAGING LTD",
    "industry": "Software & Services",
    "dateListed": "2015-08-17",
    "marketCap": 19348679,
    "xid": "294783988",
    "priceChangeFiveDayPercent": 0,
    "isRecentListing": false,
    "priceAsk": 0.115,
    "priceBid": 0.11,
    "priceChange": -0.0050000000000000044,
    "priceChangePercent": -4.347826086956525,
    "priceLast": 0.11,
    "sector": "Information Technology",
    "industryGroup": "Software & Services",
    "securityType": 1,
    "volume": 232802,
    "statusCode": "",
    "isin": "AU0000139636",
    "priceClose": 0.115,
    "priceDayHigh": 0.115,
    "priceDayLow": 0.11,
    "priceFiftyTwoWeekHigh": 1.24,
    "priceFiftyTwoWeekLow": 0.09,
    "volumeAverage": 300720.567901,
    "cashFlow": -14.3247,
    "earningsPerShare": -0.13909,
    "freeCashFlowYield": -0.0000100000010000001,
    "priceEarningsRatio": -99999.99,
    "priceToCash": -99999.99,
    "foreignExempt": false,
    "shareDescription": "Ordinary Fully Paid",
    "numOfShares": 168249382,
    "yieldAnnual": 0,
    "incomeStatement": [
      {
        "revenue": 598430,
        "netIncome": -20572730,
        "period": "2022A",
        "fPeriodEndDate": 44742,
        "curCode": "AUD"
      },
      {
        "revenue": 1244470,
        "netIncome": -14060990,
        "period": "2021A",
        "fPeriodEndDate": 44377,
        "curCode": "AUD"
      },
      {
        "revenue": 667200,
        "netIncome": -5396510,
        "period": "2020A",
        "fPeriodEndDate": 44012,
        "curCode": "AUD"
      },
      {
        "revenue": 898560,
        "netIncome": -4357160,
        "period": "2019A",
        "fPeriodEndDate": 43646,
        "curCode": "AUD"
      }
    ]
  },
  {
    "symbol": "AV1",
    "displayName": "ADVERITAS LIMITED",
    "industry": "Software & Services",
    "dateListed": "2012-12-18",
    "marketCap": 33383138,
    "xid": "51814018",
    "priceChangeFiveDayPercent": 0,
    "isRecentListing": false,
    "priceAsk": 0.08,
    "priceBid": 0.075,
    "priceChange": 0,
    "priceChangePercent": 0,
    "priceLast": 0.075,
    "sector": "Information Technology",
    "industryGroup": "Software & Services",
    "securityType": 1,
    "volume": 184180,
    "statusCode": "",
    "isin": "AU0000033946",
    "priceClose": 0.075,
    "priceDayHigh": 0.075,
    "priceDayLow": 0.075,
    "priceFiftyTwoWeekHigh": 0.195,
    "priceFiftyTwoWeekLow": 0.057,
    "volumeAverage": 292060.642857,
    "cashFlow": -9.54558,
    "earningsPerShare": -0.02149,
    "freeCashFlowYield": -0.0000100000010000001,
    "priceEarningsRatio": -99999.99,
    "priceToCash": -99999.99,
    "foreignExempt": false,
    "shareDescription": "Ordinary Fully Paid",
    "numOfShares": 445108506,
    "yieldAnnual": 0,
    "incomeStatement": [
      {
        "revenue": 2031790,
        "netIncome": -9082800,
        "period": "2022A",
        "fPeriodEndDate": 44742,
        "curCode": "AUD"
      },
      {
        "revenue": 964110,
        "netIncome": -8998960,
        "period": "2021A",
        "fPeriodEndDate": 44377,
        "curCode": "AUD"
      },
      {
        "revenue": 1227210,
        "netIncome": -9487360,
        "period": "2020A",
        "fPeriodEndDate": 44012,
        "curCode": "AUD"
      },
      {
        "revenue": 643580,
        "netIncome": -6552200,
        "period": "2019A",
        "fPeriodEndDate": 43646,
        "curCode": "AUD"
      }
    ]
  },
  {
    "symbol": "ALU",
    "displayName": "ALTIUM LIMITED",
    "industry": "Software & Services",
    "dateListed": "1999-08-04",
    "marketCap": 4656160315,
    "xid": "43782",
    "priceChangeFiveDayPercent": -1.654978962131827,
    "isRecentListing": false,
    "priceAsk": 35.15,
    "priceBid": 34.5,
    "priceChange": -0.30999999999999517,
    "priceChangePercent": -0.8764489680520079,
    "priceLast": 35.06,
    "sector": "Information Technology",
    "industryGroup": "Software & Services",
    "securityType": 1,
    "volume": 213405,
    "statusCode": "",
    "isin": "AU000000ALU8",
    "priceClose": 35.37,
    "priceDayHigh": 35.1,
    "priceDayLow": 34.410000000000004,
    "priceFiftyTwoWeekHigh": 45.3,
    "priceFiftyTwoWeekLow": 24.32,
    "volumeAverage": 384101.456522,
    "dateExDate": "2022-09-05",
    "datePayDate": "2022-09-27",
    "dateRecordDate": "2022-09-06",
    "dividend": 0.26,
    "dividendType": "F",
    "frankingPercent": 100,
    "cashFlow": 49.29517,
    "earningsPerShare": 0.6704,
    "freeCashFlowYield": 0.02332975843668222,
    "priceEarningsRatio": 52.05845,
    "priceToCash": 42.86371,
    "foreignExempt": false,
    "shareDescription": "Ordinary Fully Paid",
    "numOfShares": 131641513,
    "yieldAnnual": 1.3405590416428979,
    "incomeStatement": [
      {
        "revenue": 221502000,
        "netIncome": 55345000,
        "period": "2022A",
        "fPeriodEndDate": 44742,
        "curCode": "USD"
      },
      {
        "revenue": 180483000,
        "netIncome": 106985000,
        "period": "2021A",
        "fPeriodEndDate": 44377,
        "curCode": "USD"
      },
      {
        "revenue": 170164000,
        "netIncome": 30881000,
        "period": "2020A",
        "fPeriodEndDate": 44012,
        "curCode": "USD"
      },
      {
        "revenue": 172752000,
        "netIncome": 52893000,
        "period": "2019A",
        "fPeriodEndDate": 43646,
        "curCode": "USD"
      }
    ]
  },
  {
    "symbol": "AND",
    "displayName": "ANSARADA GROUP LIMITED",
    "industry": "Software & Services",
    "dateListed": "2020-02-14",
    "marketCap": 114349527,
    "xid": "575568487",
    "priceChangeFiveDayPercent": -8.148148148148156,
    "isRecentListing": false,
    "priceAsk": 1.29,
    "priceBid": 1.2,
    "priceChange": -0.040000000000000036,
    "priceChangePercent": -3.1250000000000027,
    "priceLast": 1.24,
    "sector": "Information Technology",
    "industryGroup": "Software & Services",
    "securityType": 1,
    "volume": 7233,
    "statusCode": "",
    "isin": "AU0000124422",
    "priceClose": 1.28,
    "priceDayHigh": 1.285,
    "priceDayLow": 1.24,
    "priceFiftyTwoWeekHigh": 2.65,
    "priceFiftyTwoWeekLow": 1.24,
    "volumeAverage": 40015.123596,
    "cashFlow": 5.921,
    "earningsPerShare": -0.09673,
    "freeCashFlowYield": 0.0279666067528728,
    "priceEarningsRatio": -99999.99,
    "priceToCash": 35.75693,
    "foreignExempt": false,
    "shareDescription": "Ordinary Fully Paid",
    "numOfShares": 89335568,
    "yieldAnnual": 0,
    "incomeStatement": [
      {
        "revenue": 48294000,
        "netIncome": -8607000,
        "period": "2022A",
        "fPeriodEndDate": 44742,
        "curCode": "AUD"
      },
      {
        "revenue": 33425000,
        "netIncome": 642000,
        "period": "2021A",
        "fPeriodEndDate": 44377,
        "curCode": "AUD"
      },
      {
        "revenue": 670610,
        "netIncome": -4129670,
        "period": "2020A",
        "fPeriodEndDate": 44012,
        "curCode": "AUD"
      },
      {
        "revenue": 641790,
        "netIncome": -745260,
        "period": "2019A",
        "fPeriodEndDate": 43646,
        "curCode": "AUD"
      }
    ]
  },
  {
    "symbol": "APX",
    "displayName": "APPEN LIMITED",
    "industry": "Software & Services",
    "dateListed": "2015-01-07",
    "marketCap": 327132843,
    "xid": "82356054",
    "priceChangeFiveDayPercent": -3.690036900369007,
    "isRecentListing": false,
    "priceAsk": 2.63,
    "priceBid": 2.61,
    "priceChange": -0.040000000000000036,
    "priceChangePercent": -1.5094339622641524,
    "priceLast": 2.61,
    "sector": "Information Technology",
    "industryGroup": "Software & Services",
    "securityType": 1,
    "volume": 744947,
    "statusCode": "",
    "isin": "AU000000APX3",
    "priceClose": 2.65,
    "priceDayHigh": 2.67,
    "priceDayLow": 2.58,
    "priceFiftyTwoWeekHigh": 12.3,
    "priceFiftyTwoWeekLow": 2.58,
    "volumeAverage": 1135357.456522,
    "dateExDate": "2022-03-01",
    "datePayDate": "2022-03-18",
    "dateRecordDate": "2022-03-02",
    "dividend": 0.055,
    "dividendType": "F",
    "frankingPercent": 50,
    "cashFlow": 21.19303,
    "earningsPerShare": 0.15823,
    "freeCashFlowYield": 0.24458728341796054,
    "priceEarningsRatio": 16.81097,
    "priceToCash": 4.08852,
    "foreignExempt": false,
    "shareDescription": "Ordinary Fully Paid",
    "numOfShares": 123446356,
    "yieldAnnual": 3.8314176245210727,
    "incomeStatement": [
      {
        "revenue": 447274000,
        "netIncome": 28519000,
        "period": "2021A",
        "fPeriodEndDate": 44561,
        "curCode": "USD"
      },
      {
        "revenue": 412956000,
        "netIncome": 35632000,
        "period": "2020A",
        "fPeriodEndDate": 44196,
        "curCode": "USD"
      },
      {
        "revenue": 370159940,
        "netIncome": 28736480,
        "period": "2019A",
        "fPeriodEndDate": 43830,
        "curCode": "USD"
      },
      {
        "revenue": 251577330,
        "netIncome": 28817280,
        "period": "2018A",
        "fPeriodEndDate": 43465,
        "curCode": "USD"
      }
    ]
  },
  {
    "symbol": "AR9",
    "displayName": "ARCHTIS LIMITED",
    "industry": "Software & Services",
    "dateListed": "2018-09-21",
    "marketCap": 38312365,
    "xid": "490239282",
    "priceChangeFiveDayPercent": 7.692307692307699,
    "isRecentListing": false,
    "priceAsk": 0.14,
    "priceBid": 0.135,
    "priceChange": -0.004999999999999977,
    "priceChangePercent": -3.4482758620689498,
    "priceLast": 0.14,
    "sector": "Information Technology",
    "industryGroup": "Software & Services",
    "securityType": 1,
    "volume": 116602,
    "statusCode": "",
    "isin": "AU0000020877",
    "priceClose": 0.145,
    "priceDayHigh": 0.145,
    "priceDayLow": 0.14,
    "priceFiftyTwoWeekHigh": 0.33,
    "priceFiftyTwoWeekLow": 0.094,
    "volumeAverage": 346207.434783,
    "cashFlow": -10.59617,
    "earningsPerShare": -0.03811,
    "freeCashFlowYield": -0.0000100000010000001,
    "priceEarningsRatio": -99999.99,
    "priceToCash": -99999.99,
    "foreignExempt": false,
    "shareDescription": "Ordinary Fully Paid",
    "numOfShares": 264223207,
    "yieldAnnual": 0,
    "incomeStatement": [
      {
        "revenue": 4640470,
        "netIncome": -9445290,
        "period": "2022A",
        "fPeriodEndDate": 44742,
        "curCode": "AUD"
      },
      {
        "revenue": 4629640,
        "netIncome": -2991400,
        "period": "2021A",
        "fPeriodEndDate": 44377,
        "curCode": "AUD"
      },
      {
        "revenue": 555300,
        "netIncome": -3725370,
        "period": "2020A",
        "fPeriodEndDate": 44012,
        "curCode": "AUD"
      },
      {
        "revenue": 1100980,
        "netIncome": -3746020,
        "period": "2019A",
        "fPeriodEndDate": 43646,
        "curCode": "AUD"
      }
    ]
  },
  {
    "symbol": "AO1",
    "displayName": "ASSETOWL LIMITED",
    "industry": "Software & Services",
    "dateListed": "2011-05-30",
    "marketCap": 3144260,
    "xid": "36473684",
    "priceChangeFiveDayPercent": 0,
    "isRecentListing": false,
    "priceAsk": 0.002,
    "priceBid": 0.001,
    "priceChange": 0,
    "priceChangePercent": 0,
    "priceLast": 0.002,
    "sector": "Information Technology",
    "industryGroup": "Software & Services",
    "securityType": 1,
    "volume": 400000,
    "statusCode": "",
    "isin": "AU000000AO10",
    "priceClose": 0.002,
    "priceDayHigh": 0.002,
    "priceDayLow": 0.002,
    "priceFiftyTwoWeekHigh": 0.006,
    "priceFiftyTwoWeekLow": 0.0015,
    "volumeAverage": 3665952.627451,
    "cashFlow": -1.94372,
    "earningsPerShare": -0.00237,
    "freeCashFlowYield": -0.0000100000010000001,
    "priceEarningsRatio": -99999.99,
    "priceToCash": -99999.99,
    "foreignExempt": false,
    "shareDescription": "Ordinary Fully Paid",
    "numOfShares": 1572129761,
    "yieldAnnual": 0,
    "incomeStatement": [
      {
        "revenue": 81800,
        "netIncome": -2280880,
        "period": "2022A",
        "fPeriodEndDate": 44742,
        "curCode": "AUD"
      },
      {
        "revenue": 64920,
        "netIncome": -1570250,
        "period": "2021A",
        "fPeriodEndDate": 44377,
        "curCode": "AUD"
      },
      {
        "revenue": 16440,
        "netIncome": -1127410,
        "period": "2020A",
        "fPeriodEndDate": 44012,
        "curCode": "AUD"
      },
      {
        "revenue": 18170,
        "netIncome": -2010860,
        "period": "2019A",
        "fPeriodEndDate": 43646,
        "curCode": "AUD"
      }
    ]
  },
  {
    "symbol": "ATA",
    "displayName": "ATTURRA LIMITED",
    "industry": "Software & Services",
    "dateListed": "2021-12-22",
    "marketCap": 175481643,
    "xid": "691851626",
    "priceChangeFiveDayPercent": 8.974358974358967,
    "isRecentListing": false,
    "priceAsk": 0.88,
    "priceBid": 0.85,
    "priceChange": -0.025000000000000022,
    "priceChangePercent": -2.85714285714286,
    "priceLast": 0.85,
    "sector": "Information Technology",
    "industryGroup": "Software & Services",
    "securityType": 1,
    "volume": 8994,
    "statusCode": "",
    "isin": "AU0000190308",
    "priceClose": 0.875,
    "priceDayHigh": 0.88,
    "priceDayLow": 0.85,
    "priceFiftyTwoWeekHigh": 0.93,
    "priceFiftyTwoWeekLow": 0.475,
    "volumeAverage": 62184.207317,
    "cashFlow": -99999.99,
    "earningsPerShare": -99999.99,
    "freeCashFlowYield": -0.0000100000010000001,
    "priceEarningsRatio": -99999.99,
    "priceToCash": -99999.99,
    "foreignExempt": false,
    "shareDescription": "Ordinary Fully Paid",
    "numOfShares": 200550449,
    "yieldAnnual": 0,
    "incomeStatement": [
      {
        "revenue": 134579000,
        "netIncome": 7224000,
        "period": "2022A",
        "fPeriodEndDate": 44742,
        "curCode": "AUD"
      },
      {
        "revenue": 98339430,
        "netIncome": 6488400,
        "period": "2021A",
        "fPeriodEndDate": 44377,
        "curCode": "AUD"
      },
      {
        "revenue": 76042990,
        "netIncome": 2579540,
        "period": "2020A",
        "fPeriodEndDate": 44012,
        "curCode": "AUD"
      },
      {
        "revenue": 64802880,
        "netIncome": -154650,
        "period": "2019A",
        "fPeriodEndDate": 43646,
        "curCode": "AUD"
      }
    ]
  },
  {
    "symbol": "BTH",
    "displayName": "BIGTINCAN HOLDINGS LIMITED",
    "industry": "Software & Services",
    "dateListed": "2017-03-24",
    "marketCap": 256842822,
    "xid": "403677200",
    "priceChangeFiveDayPercent": -4.999999999999993,
    "isRecentListing": false,
    "priceAsk": 0.47500000000000003,
    "priceBid": 0.455,
    "priceChange": 0.010000000000000009,
    "priceChangePercent": 2.150537634408604,
    "priceLast": 0.47500000000000003,
    "sector": "Information Technology",
    "industryGroup": "Software & Services",
    "securityType": 1,
    "volume": 324791,
    "statusCode": "",
    "isin": "AU000000BTH6",
    "priceClose": 0.465,
    "priceDayHigh": 0.47500000000000003,
    "priceDayLow": 0.455,
    "priceFiftyTwoWeekHigh": 1.24,
    "priceFiftyTwoWeekLow": 0.43,
    "volumeAverage": 838925.336957,
    "cashFlow": -21.957,
    "earningsPerShare": -0.04916,
    "freeCashFlowYield": -0.0000100000010000001,
    "priceEarningsRatio": -99999.99,
    "priceToCash": -99999.99,
    "foreignExempt": false,
    "shareDescription": "Ordinary Fully Paid",
    "numOfShares": 552350154,
    "yieldAnnual": 0,
    "incomeStatement": [
      {
        "revenue": 108033000,
        "netIncome": -21151000,
        "period": "2022A",
        "fPeriodEndDate": 44742,
        "curCode": "AUD"
      },
      {
        "revenue": 43874000,
        "netIncome": -13890000,
        "period": "2021A",
        "fPeriodEndDate": 44377,
        "curCode": "AUD"
      },
      {
        "revenue": 31006000,
        "netIncome": -12206000,
        "period": "2020A",
        "fPeriodEndDate": 44012,
        "curCode": "AUD"
      },
      {
        "revenue": 19882000,
        "netIncome": -4085000,
        "period": "2019A",
        "fPeriodEndDate": 43646,
        "curCode": "AUD"
      }
    ]
  },
  {
    "symbol": "BID",
    "displayName": "BILL IDENTITY LIMITED",
    "industry": "Software & Services",
    "dateListed": "2011-01-27",
    "marketCap": 17413319,
    "xid": "28229548",
    "priceChangeFiveDayPercent": 10.769230769230779,
    "isRecentListing": false,
    "priceAsk": 0.07200000000000001,
    "priceBid": 0.065,
    "priceChange": 0.0010000000000000009,
    "priceChangePercent": 1.4084507042253531,
    "priceLast": 0.07200000000000001,
    "sector": "Information Technology",
    "industryGroup": "Software & Services",
    "securityType": 1,
    "volume": 71428,
    "statusCode": "",
    "isin": "AU000000BID8",
    "priceClose": 0.07100000000000001,
    "priceDayHigh": 0.07200000000000001,
    "priceDayLow": 0.07,
    "priceFiftyTwoWeekHigh": 0.395,
    "priceFiftyTwoWeekLow": 0.056,
    "volumeAverage": 176263.283951,
    "cashFlow": -12.668,
    "earningsPerShare": -0.05923,
    "freeCashFlowYield": -0.0000100000010000001,
    "priceEarningsRatio": -99999.99,
    "priceToCash": -99999.99,
    "foreignExempt": false,
    "shareDescription": "Ordinary Fully Paid",
    "numOfShares": 245258016,
    "yieldAnnual": 0,
    "incomeStatement": [
      {
        "revenue": 15864000,
        "netIncome": -13630000,
        "period": "2022A",
        "fPeriodEndDate": 44742,
        "curCode": "AUD"
      },
      {
        "revenue": 13705000,
        "netIncome": -12923000,
        "period": "2021A",
        "fPeriodEndDate": 44377,
        "curCode": "AUD"
      },
      {
        "revenue": 9427990,
        "netIncome": -6910710,
        "period": "2020A",
        "fPeriodEndDate": 44012,
        "curCode": "AUD"
      },
      {
        "revenue": 5356670,
        "netIncome": -6566410,
        "period": "2019A",
        "fPeriodEndDate": 43646,
        "curCode": "AUD"
      }
    ]
  },
  {
    "symbol": "SQ2",
    "displayName": "BLOCK INC.",
    "industry": "Software & Services",
    "dateListed": "2022-01-20",
    "marketCap": 50120282330,
    "xid": "689292417",
    "priceChangeFiveDayPercent": -5.77074211294486,
    "isRecentListing": false,
    "priceAsk": 84,
    "priceBid": 83.91,
    "priceChange": -5.670000000000002,
    "priceChangePercent": -6.328125000000002,
    "priceLast": 83.93,
    "sector": "Information Technology",
    "industryGroup": "Software & Services",
    "securityType": 1,
    "volume": 152118,
    "statusCode": "",
    "isin": "AU0000187353",
    "priceClose": 89.60000000000001,
    "priceDayHigh": 84,
    "priceDayLow": 83.10000000000001,
    "priceFiftyTwoWeekHigh": 196,
    "priceFiftyTwoWeekLow": 80.37,
    "volumeAverage": 320353.934783,
    "cashFlow": 511.703,
    "earningsPerShare": -0.90085,
    "freeCashFlowYield": -0.0000100000010000001,
    "priceEarningsRatio": -99999.99,
    "priceToCash": -99999.99,
    "foreignExempt": true,
    "shareDescription": "Cdi 1:1 Foreign Exempt Nyse",
    "numOfShares": 559378151,
    "yieldAnnual": 0,
    "incomeStatement": [
      {
        "revenue": 17661203000,
        "netIncome": 166284000,
        "period": "2021A",
        "fPeriodEndDate": 44561,
        "curCode": "USD"
      },
      {
        "revenue": 9497578000,
        "netIncome": 213105000,
        "period": "2020A",
        "fPeriodEndDate": 44196,
        "curCode": "USD"
      },
      {
        "revenue": 4713500000,
        "netIncome": 375446000,
        "period": "2019A",
        "fPeriodEndDate": 43830,
        "curCode": "USD"
      },
      {
        "revenue": 3298177000,
        "netIncome": -38453000,
        "period": "2018A",
        "fPeriodEndDate": 43465,
        "curCode": "USD"
      }
    ]
  },
  {
    "symbol": "BRN",
    "displayName": "BRAINCHIP HOLDINGS LTD",
    "industry": "Software & Services",
    "dateListed": "2011-11-09",
    "marketCap": 1513038687,
    "xid": "38400207",
    "priceChangeFiveDayPercent": 1.1627906976744196,
    "isRecentListing": false,
    "priceAsk": 0.88,
    "priceBid": 0.87,
    "priceChange": -0.010000000000000009,
    "priceChangePercent": -1.1363636363636374,
    "priceLast": 0.87,
    "sector": "Information Technology",
    "industryGroup": "Software & Services",
    "securityType": 1,
    "volume": 3283807,
    "statusCode": "",
    "isin": "AU000000BRN8",
    "priceClose": 0.88,
    "priceDayHigh": 0.8825000000000001,
    "priceDayLow": 0.86,
    "priceFiftyTwoWeekHigh": 2.34,
    "priceFiftyTwoWeekLow": 0.405,
    "volumeAverage": 10443497.695652,
    "cashFlow": -24.77845,
    "earningsPerShare": -0.0181,
    "freeCashFlowYield": -0.0000100000010000001,
    "priceEarningsRatio": -99999.99,
    "priceToCash": -99999.99,
    "foreignExempt": false,
    "shareDescription": "Ordinary Fully Paid",
    "numOfShares": 1719362144,
    "yieldAnnual": 0,
    "incomeStatement": [
      {
        "revenue": 1588480,
        "netIncome": -20981310,
        "period": "2021A",
        "fPeriodEndDate": 44561,
        "curCode": "USD"
      },
      {
        "revenue": 120830,
        "netIncome": -26822050,
        "period": "2020A",
        "fPeriodEndDate": 44196,
        "curCode": "USD"
      },
      {
        "revenue": 75570,
        "netIncome": -11310060,
        "period": "2019A",
        "fPeriodEndDate": 43830,
        "curCode": "USD"
      },
      {
        "revenue": 947990,
        "netIncome": -16523190,
        "period": "2018A",
        "fPeriodEndDate": 43465,
        "curCode": "USD"
      }
    ]
  },
  {
    "symbol": "BVS",
    "displayName": "BRAVURA SOLUTIONS LIMITED.",
    "industry": "Software & Services",
    "dateListed": "2016-11-16",
    "marketCap": 280640022,
    "xid": "371006415",
    "priceChangeFiveDayPercent": -6.172839506172836,
    "isRecentListing": false,
    "priceAsk": 1.17,
    "priceBid": 1.115,
    "priceChange": 0.010000000000000009,
    "priceChangePercent": 0.8849557522123901,
    "priceLast": 1.1400000000000001,
    "sector": "Information Technology",
    "industryGroup": "Software & Services",
    "securityType": 1,
    "volume": 441603,
    "statusCode": "",
    "isin": "AU000000BVS9",
    "priceClose": 1.1300000000000001,
    "priceDayHigh": 1.175,
    "priceDayLow": 1.125,
    "priceFiftyTwoWeekHigh": 2.94,
    "priceFiftyTwoWeekLow": 1.11,
    "volumeAverage": 882293.076087,
    "dateExDate": "2022-09-02",
    "datePayDate": "2022-09-29",
    "dateRecordDate": "2022-09-05",
    "dividend": 0.032,
    "dividendType": "F",
    "frankingPercent": 0,
    "cashFlow": -8.131,
    "earningsPerShare": 0.1199,
    "freeCashFlowYield": 0.18822253927263283,
    "priceEarningsRatio": 9.38282,
    "priceToCash": 5.31286,
    "foreignExempt": false,
    "shareDescription": "Ordinary Fully Paid",
    "numOfShares": 248354002,
    "yieldAnnual": 0,
    "incomeStatement": [
      {
        "revenue": 265491000,
        "netIncome": 29926000,
        "period": "2022A",
        "fPeriodEndDate": 44742,
        "curCode": "AUD"
      },
      {
        "revenue": 242520000,
        "netIncome": 34562000,
        "period": "2021A",
        "fPeriodEndDate": 44377,
        "curCode": "AUD"
      },
      {
        "revenue": 273465000,
        "netIncome": 40110000,
        "period": "2020A",
        "fPeriodEndDate": 44012,
        "curCode": "AUD"
      },
      {
        "revenue": 258205000,
        "netIncome": 32808000,
        "period": "2019A",
        "fPeriodEndDate": 43646,
        "curCode": "AUD"
      }
    ]
  },
  {
    "symbol": "BGE",
    "displayName": "BRIDGE SAAS LIMITED",
    "industry": "Software & Services",
    "dateListed": "2022-10-06",
    "marketCap": 9042936,
    "xid": "749699618",
    "priceChangeFiveDayPercent": -12.499999999999995,
    "isRecentListing": true,
    "priceAsk": 0.135,
    "priceBid": 0.13,
    "priceChange": 0.010000000000000009,
    "priceChangePercent": 7.692307692307699,
    "priceLast": 0.14,
    "sector": "Information Technology",
    "industryGroup": "Software & Services",
    "securityType": 1,
    "volume": 25000,
    "statusCode": "",
    "isin": "AU0000235418",
    "priceClose": 0.13,
    "priceDayHigh": 0.14,
    "priceDayLow": 0.13,
    "priceFiftyTwoWeekHigh": 0.185,
    "priceFiftyTwoWeekLow": 0.13,
    "foreignExempt": false,
    "shareDescription": "Ordinary Fully Paid",
    "numOfShares": 69561046,
    "yieldAnnual": 0,
    "incomeStatement": []
  },
  {
    "symbol": "CAG",
    "displayName": "CAPE RANGE LTD",
    "industry": "Software & Services",
    "dateListed": "2017-11-30",
    "marketCap": 14710787,
    "xid": "441206941",
    "priceChangeFiveDayPercent": 0,
    "isRecentListing": false,
    "priceAsk": 0.225,
    "priceBid": 0.155,
    "priceChange": 0,
    "priceChangePercent": 0,
    "priceLast": 0.155,
    "sector": "Information Technology",
    "industryGroup": "Software & Services",
    "securityType": 1,
    "volume": 0,
    "statusCode": "",
    "isin": "AU000000CAG6",
    "priceClose": 0.155,
    "priceFiftyTwoWeekHigh": 0.31,
    "priceFiftyTwoWeekLow": 0.15,
    "volumeAverage": 23760.222222,
    "cashFlow": -0.58006,
    "earningsPerShare": -0.00911,
    "freeCashFlowYield": -0.0000100000010000001,
    "priceEarningsRatio": -99999.99,
    "priceToCash": -99999.99,
    "foreignExempt": false,
    "shareDescription": "Ordinary Fully Paid",
    "numOfShares": 94908301,
    "yieldAnnual": 0,
    "incomeStatement": [
      {
        "revenue": 532780,
        "netIncome": -959270,
        "period": "2021A",
        "fPeriodEndDate": 44561,
        "curCode": "AUD"
      },
      {
        "revenue": 702940,
        "netIncome": -1575510,
        "period": "2020A",
        "fPeriodEndDate": 44196,
        "curCode": "AUD"
      },
      {
        "revenue": 1407410,
        "netIncome": -7503540,
        "period": "2019A",
        "fPeriodEndDate": 43830,
        "curCode": "AUD"
      },
      {
        "revenue": 875800,
        "netIncome": -603430,
        "period": "2018A",
        "fPeriodEndDate": 43465,
        "curCode": "AUD"
      }
    ]
  },
  {
    "symbol": "CCA",
    "displayName": "CHANGE FINANCIAL LIMITED",
    "industry": "Software & Services",
    "dateListed": "2016-06-30",
    "marketCap": 29261599,
    "xid": "352903709",
    "priceChangeFiveDayPercent": -11.864406779661005,
    "isRecentListing": false,
    "priceAsk": 0.057,
    "priceBid": 0.051000000000000004,
    "priceChange": -0.0049999999999999975,
    "priceChangePercent": -8.771929824561399,
    "priceLast": 0.052000000000000005,
    "sector": "Information Technology",
    "industryGroup": "Software & Services",
    "securityType": 1,
    "volume": 17214,
    "statusCode": "",
    "isin": "AU000000CCA5",
    "priceClose": 0.057,
    "priceDayHigh": 0.057,
    "priceDayLow": 0.052000000000000005,
    "priceFiftyTwoWeekHigh": 0.11426,
    "priceFiftyTwoWeekLow": 0.04765,
    "volumeAverage": 382922.083982,
    "cashFlow": -5.19523,
    "earningsPerShare": -0.01474,
    "freeCashFlowYield": -0.0000100000010000001,
    "priceEarningsRatio": -99999.99,
    "priceToCash": -99999.99,
    "foreignExempt": false,
    "shareDescription": "Ordinary Fully Paid",
    "numOfShares": 513361385,
    "yieldAnnual": 0,
    "incomeStatement": [
      {
        "revenue": 8156420,
        "netIncome": -3768490,
        "period": "2022A",
        "fPeriodEndDate": 44742,
        "curCode": "USD"
      },
      {
        "revenue": 6141630,
        "netIncome": -3477380,
        "period": "2021A",
        "fPeriodEndDate": 44377,
        "curCode": "USD"
      },
      {
        "revenue": 25250,
        "netIncome": -3512640,
        "period": "2020A",
        "fPeriodEndDate": 44012,
        "curCode": "USD"
      },
      {
        "revenue": 454060,
        "netIncome": -4764890,
        "period": "2019A",
        "fPeriodEndDate": 43646,
        "curCode": "USD"
      }
    ]
  },
  {
    "symbol": "CPT",
    "displayName": "CIPHERPOINT LIMITED",
    "industry": "Software & Services",
    "dateListed": "2007-01-03",
    "marketCap": 4289493,
    "xid": "5965338",
    "priceChangeFiveDayPercent": 0,
    "isRecentListing": false,
    "priceAsk": 0.005,
    "priceBid": 0.004,
    "priceChange": 0,
    "priceChangePercent": 0,
    "priceLast": 0.005,
    "sector": "Information Technology",
    "industryGroup": "Software & Services",
    "securityType": 1,
    "volume": 1229000,
    "statusCode": "",
    "isin": "AU0000073827",
    "priceClose": 0.005,
    "priceDayHigh": 0.005,
    "priceDayLow": 0.005,
    "priceFiftyTwoWeekHigh": 0.0372,
    "priceFiftyTwoWeekLow": 0.003,
    "volumeAverage": 2596302.674619,
    "cashFlow": -3.53584,
    "earningsPerShare": -0.0287,
    "freeCashFlowYield": -0.0000100000010000001,
    "priceEarningsRatio": -99999.99,
    "priceToCash": -99999.99,
    "foreignExempt": false,
    "shareDescription": "Ordinary Fully Paid",
    "numOfShares": 857898561,
    "yieldAnnual": 0,
    "incomeStatement": [
      {
        "revenue": 4155430,
        "netIncome": -9001810,
        "period": "2022A",
        "fPeriodEndDate": 44651,
        "curCode": "AUD"
      },
      {
        "revenue": 0,
        "netIncome": -2946330,
        "period": "2021A",
        "fPeriodEndDate": 44286,
        "curCode": "AUD"
      },
      {
        "revenue": 673480,
        "netIncome": -673050,
        "period": "2020A",
        "fPeriodEndDate": 43921,
        "curCode": "AUD"
      },
      {
        "revenue": 217040,
        "netIncome": -8333570,
        "period": "2019A",
        "fPeriodEndDate": 43555,
        "curCode": "AUD"
      }
    ]
  },
  {
    "symbol": "CNW",
    "displayName": "CIRRUS NETWORKS HOLDINGS LIMITED",
    "industry": "Software & Services",
    "dateListed": "2004-02-10",
    "marketCap": 30690211,
    "xid": "181723",
    "priceChangeFiveDayPercent": 0,
    "isRecentListing": false,
    "priceAsk": 0.034,
    "priceBid": 0.033,
    "priceChange": 0,
    "priceChangePercent": 0,
    "priceLast": 0.033,
    "sector": "Information Technology",
    "industryGroup": "Software & Services",
    "securityType": 1,
    "volume": 0,
    "statusCode": "",
    "isin": "AU000000CNW6",
    "priceClose": 0.033,
    "priceFiftyTwoWeekHigh": 0.037,
    "priceFiftyTwoWeekLow": 0.024,
    "volumeAverage": 489130.671429,
    "cashFlow": 2.64558,
    "earningsPerShare": 0.0005,
    "freeCashFlowYield": 0.06002336109213706,
    "priceEarningsRatio": 66,
    "priceToCash": 16.66018,
    "foreignExempt": false,
    "shareDescription": "Ordinary Fully Paid",
    "numOfShares": 930006385,
    "yieldAnnual": 0,
    "incomeStatement": [
      {
        "revenue": 104112390,
        "netIncome": 471370,
        "period": "2022A",
        "fPeriodEndDate": 44742,
        "curCode": "AUD"
      },
      {
        "revenue": 106369160,
        "netIncome": 440920,
        "period": "2021A",
        "fPeriodEndDate": 44377,
        "curCode": "AUD"
      },
      {
        "revenue": 95223740,
        "netIncome": 2862410,
        "period": "2020A",
        "fPeriodEndDate": 44012,
        "curCode": "AUD"
      },
      {
        "revenue": 88086490,
        "netIncome": 776280,
        "period": "2019A",
        "fPeriodEndDate": 43646,
        "curCode": "AUD"
      }
    ]
  },
  {
    "symbol": "CF1",
    "displayName": "COMPLII FINTECH SOLUTIONS LTD",
    "industry": "Software & Services",
    "dateListed": "2001-12-18",
    "marketCap": 33692592,
    "xid": "136016",
    "priceChangeFiveDayPercent": -6.250000000000005,
    "isRecentListing": false,
    "priceAsk": 0.064,
    "priceBid": 0.059000000000000004,
    "priceChange": -0.0040000000000000036,
    "priceChangePercent": -6.250000000000005,
    "priceLast": 0.06,
    "sector": "Information Technology",
    "industryGroup": "Software & Services",
    "securityType": 1,
    "volume": 122317,
    "upcomingEventName": "2022 Annual General Meeting",
    "statusCode": "",
    "isin": "AU0000127011",
    "priceClose": 0.064,
    "priceDayHigh": 0.064,
    "priceDayLow": 0.06,
    "priceFiftyTwoWeekHigh": 0.11,
    "priceFiftyTwoWeekLow": 0.052,
    "volumeAverage": 217651.733333,
    "cashFlow": 0.87271,
    "earningsPerShare": -0.0001,
    "freeCashFlowYield": 0.012199771254288984,
    "priceEarningsRatio": 352.9412,
    "priceToCash": 81.96875,
    "foreignExempt": false,
    "shareDescription": "Ordinary Fully Paid",
    "numOfShares": 526446752,
    "yieldAnnual": 0,
    "incomeStatement": [
      {
        "revenue": 8644880,
        "netIncome": 114940,
        "period": "2022A",
        "fPeriodEndDate": 44742,
        "curCode": "AUD"
      },
      {
        "revenue": 2025690,
        "netIncome": -4194240,
        "period": "2021A",
        "fPeriodEndDate": 44377,
        "curCode": "AUD"
      },
      {
        "revenue": 1243920,
        "netIncome": -3959690,
        "period": "2020A",
        "fPeriodEndDate": 44012,
        "curCode": "AUD"
      },
      {
        "revenue": 511220,
        "netIncome": -4894510,
        "period": "2019A",
        "fPeriodEndDate": 43646,
        "curCode": "AUD"
      }
    ]
  },
  {
    "symbol": "CPU",
    "displayName": "COMPUTERSHARE LIMITED.",
    "industry": "Software & Services",
    "dateListed": "1994-05-27",
    "marketCap": 15328687841,
    "xid": "80487",
    "priceChangeFiveDayPercent": -1.8779342723004573,
    "isRecentListing": false,
    "priceAsk": 25.5,
    "priceBid": 25,
    "priceChange": -0.3099999999999987,
    "priceChangePercent": -1.2209531311539925,
    "priceLast": 25.080000000000002,
    "sector": "Information Technology",
    "industryGroup": "Software & Services",
    "securityType": 1,
    "volume": 1420291,
    "statusCode": "",
    "isin": "AU000000CPU5",
    "priceClose": 25.39,
    "priceDayHigh": 25.46,
    "priceDayLow": 24.990000000000002,
    "priceFiftyTwoWeekHigh": 26.56,
    "priceFiftyTwoWeekLow": 17.79,
    "volumeAverage": 2110534.847826,
    "dateExDate": "2022-08-16",
    "datePayDate": "2022-09-12",
    "dateRecordDate": "2022-08-17",
    "dividend": 0.3,
    "dividendType": "F",
    "frankingPercent": 0,
    "cashFlow": 314.795,
    "earningsPerShare": 0.59986,
    "freeCashFlowYield": 0.053067599099761255,
    "priceEarningsRatio": 41.6432,
    "priceToCash": 18.84389,
    "foreignExempt": false,
    "shareDescription": "Ordinary Fully Paid",
    "numOfShares": 603729336,
    "yieldAnnual": 2.15311004784689,
    "incomeStatement": [
      {
        "revenue": 2565053000,
        "netIncome": 227659000,
        "period": "2022A",
        "fPeriodEndDate": 44742,
        "curCode": "USD"
      },
      {
        "revenue": 2283161000,
        "netIncome": 188974000,
        "period": "2021A",
        "fPeriodEndDate": 44377,
        "curCode": "USD"
      },
      {
        "revenue": 2277281000,
        "netIncome": 232657000,
        "period": "2020A",
        "fPeriodEndDate": 44012,
        "curCode": "USD"
      },
      {
        "revenue": 2346003000,
        "netIncome": 415732000,
        "period": "2019A",
        "fPeriodEndDate": 43646,
        "curCode": "USD"
      }
    ]
  },
  {
    "symbol": "CXZ",
    "displayName": "CONNEXION TELEMATICS LTD",
    "industry": "Software & Services",
    "dateListed": "1974-01-01",
    "marketCap": 8778179,
    "xid": "95521",
    "priceChangeFiveDayPercent": 0,
    "isRecentListing": false,
    "priceAsk": 0.011,
    "priceBid": 0.01,
    "priceChange": 0,
    "priceChangePercent": 0,
    "priceLast": 0.01,
    "sector": "Information Technology",
    "industryGroup": "Software & Services",
    "securityType": 1,
    "volume": 0,
    "upcomingEventName": "2022 Annual General Meeting",
    "statusCode": "",
    "isin": "AU000000CXZ8",
    "priceClose": 0.01,
    "priceFiftyTwoWeekHigh": 0.016,
    "priceFiftyTwoWeekLow": 0.008,
    "volumeAverage": 1746640.810345,
    "cashFlow": 1.11557,
    "earningsPerShare": 0.00032,
    "freeCashFlowYield": 0.04738090217975841,
    "priceEarningsRatio": 31.34993,
    "priceToCash": 21.10555,
    "foreignExempt": false,
    "shareDescription": "Ordinary Fully Paid",
    "numOfShares": 877817871,
    "yieldAnnual": 0,
    "incomeStatement": [
      {
        "revenue": 3836410,
        "netIncome": 145160,
        "period": "2022A",
        "fPeriodEndDate": 44742,
        "curCode": "USD"
      },
      {
        "revenue": 4469270,
        "netIncome": 510780,
        "period": "2021A",
        "fPeriodEndDate": 44377,
        "curCode": "USD"
      },
      {
        "revenue": 5637670,
        "netIncome": 2161370,
        "period": "2020A",
        "fPeriodEndDate": 44012,
        "curCode": "USD"
      },
      {
        "revenue": 2715480,
        "netIncome": 319280,
        "period": "2019A",
        "fPeriodEndDate": 43646,
        "curCode": "USD"
      }
    ]
  },
  {
    "symbol": "CWL",
    "displayName": "CONSOLIDATED FINANCIAL HOLDINGS LIMITED",
    "industry": "Software & Services",
    "dateListed": "2007-10-23",
    "marketCap": -1,
    "xid": "8816292",
    "priceChangeFiveDayPercent": 0,
    "isRecentListing": false,
    "priceChange": 0,
    "priceChangePercent": 0,
    "priceLast": 0.037,
    "sector": "Information Technology",
    "industryGroup": "Software & Services",
    "securityType": 1,
    "volume": 0,
    "statusCode": "",
    "isin": "AU000000CWL0",
    "priceClose": 0.037,
    "priceFiftyTwoWeekHigh": 0.043000000000000003,
    "priceFiftyTwoWeekLow": 0.015,
    "cashFlow": -0.35335,
    "earningsPerShare": -0.00293,
    "freeCashFlowYield": -0.0000100000010000001,
    "priceEarningsRatio": -99999.99,
    "priceToCash": -99999.99,
    "foreignExempt": false,
    "shareDescription": "Ordinary Fully Paid",
    "numOfShares": 125827798,
    "yieldAnnual": 0,
    "incomeStatement": [
      {
        "revenue": 1770,
        "netIncome": -368310,
        "period": "2022A",
        "fPeriodEndDate": 44742,
        "curCode": "AUD"
      },
      {
        "revenue": 16720,
        "netIncome": -426460,
        "period": "2021A",
        "fPeriodEndDate": 44377,
        "curCode": "AUD"
      },
      {
        "revenue": 60,
        "netIncome": 6357120,
        "period": "2020A",
        "fPeriodEndDate": 44012,
        "curCode": "AUD"
      },
      {
        "revenue": 0,
        "netIncome": -341370,
        "period": "2019A",
        "fPeriodEndDate": 43646,
        "curCode": "AUD"
      }
    ]
  },
  {
    "symbol": "COO",
    "displayName": "CORUM GROUP LIMITED",
    "industry": "Software & Services",
    "dateListed": "1971-07-28",
    "marketCap": 18499460,
    "xid": "79559",
    "priceChangeFiveDayPercent": 10.714285714285712,
    "isRecentListing": false,
    "priceAsk": 0.039,
    "priceBid": 0.031,
    "priceChange": 0,
    "priceChangePercent": 0,
    "priceLast": 0.031,
    "sector": "Information Technology",
    "industryGroup": "Software & Services",
    "securityType": 1,
    "volume": 0,
    "statusCode": "",
    "isin": "AU000000COO1",
    "priceClose": 0.031,
    "priceFiftyTwoWeekHigh": 0.082,
    "priceFiftyTwoWeekLow": 0.028,
    "volumeAverage": 352671.22449,
    "dateExDate": "2015-02-11",
    "datePayDate": "2015-02-23",
    "dateRecordDate": "2015-02-13",
    "dividend": 0.005,
    "dividendType": "I",
    "frankingPercent": 30,
    "cashFlow": -0.694,
    "earningsPerShare": 0.00003,
    "freeCashFlowYield": 0.13124513572715713,
    "priceEarningsRatio": 933.3333,
    "priceToCash": 7.61933,
    "foreignExempt": false,
    "shareDescription": "Ordinary Fully Paid",
    "numOfShares": 596756789,
    "yieldAnnual": 0,
    "incomeStatement": [
      {
        "revenue": 11951000,
        "netIncome": 252000,
        "period": "2022A",
        "fPeriodEndDate": 44742,
        "curCode": "AUD"
      },
      {
        "revenue": 11875000,
        "netIncome": 1091000,
        "period": "2021A",
        "fPeriodEndDate": 44377,
        "curCode": "AUD"
      },
      {
        "revenue": 10643000,
        "netIncome": 176000,
        "period": "2020A",
        "fPeriodEndDate": 44012,
        "curCode": "AUD"
      },
      {
        "revenue": 11230000,
        "netIncome": -4205000,
        "period": "2019A",
        "fPeriodEndDate": 43646,
        "curCode": "AUD"
      }
    ]
  },
  {
    "symbol": "COS",
    "displayName": "COSOL LIMITED",
    "industry": "Software & Services",
    "dateListed": "2020-01-24",
    "marketCap": 87072029,
    "xid": "572284399",
    "priceChangeFiveDayPercent": 0,
    "isRecentListing": false,
    "priceAsk": 0.605,
    "priceBid": 0.5700000000000001,
    "priceChange": 0,
    "priceChangePercent": 0,
    "priceLast": 0.59,
    "sector": "Information Technology",
    "industryGroup": "Software & Services",
    "securityType": 1,
    "volume": 50099,
    "statusCode": "XD",
    "isin": "AU0000072498",
    "priceClose": 0.59,
    "priceDayHigh": 0.595,
    "priceDayLow": 0.59,
    "priceFiftyTwoWeekHigh": 0.705,
    "priceFiftyTwoWeekLow": 0.45,
    "volumeAverage": 22642.018868,
    "dateExDate": "2022-10-07",
    "datePayDate": "2022-11-07",
    "dateRecordDate": "2022-10-10",
    "dividend": 0.01,
    "dividendType": "F",
    "frankingPercent": 100,
    "cashFlow": 4.17406,
    "earningsPerShare": 0.03777,
    "freeCashFlowYield": 0.0692039606810777,
    "priceEarningsRatio": 15.3561,
    "priceToCash": 14.45004,
    "foreignExempt": false,
    "shareDescription": "Ordinary Fully Paid",
    "numOfShares": 147579711,
    "yieldAnnual": 0,
    "incomeStatement": [
      {
        "revenue": 48449940,
        "netIncome": 5532780,
        "period": "2022A",
        "fPeriodEndDate": 44742,
        "curCode": "AUD"
      },
      {
        "revenue": 33899390,
        "netIncome": 3997790,
        "period": "2021A",
        "fPeriodEndDate": 44377,
        "curCode": "AUD"
      },
      {
        "revenue": 12220550,
        "netIncome": 1506410,
        "period": "2020A",
        "fPeriodEndDate": 44012,
        "curCode": "AUD"
      },
      {
        "revenue": 13632110,
        "netIncome": 1984000,
        "period": "2019A",
        "fPeriodEndDate": 43646,
        "curCode": "AUD"
      }
    ]
  },
  {
    "symbol": "CGO",
    "displayName": "CPT GLOBAL LIMITED",
    "industry": "Software & Services",
    "dateListed": "2000-09-08",
    "marketCap": 15394643,
    "xid": "74041",
    "priceChangeFiveDayPercent": 2.7777777777777803,
    "isRecentListing": false,
    "priceAsk": 0.4,
    "priceBid": 0.375,
    "priceChange": 0,
    "priceChangePercent": 0,
    "priceLast": 0.37,
    "sector": "Information Technology",
    "industryGroup": "Software & Services",
    "securityType": 1,
    "volume": 0,
    "upcomingEventName": "2022 Annual General Meeting",
    "statusCode": "XD",
    "isin": "AU000000CGO7",
    "priceClose": 0.37,
    "priceFiftyTwoWeekHigh": 0.7,
    "priceFiftyTwoWeekLow": 0.345,
    "volumeAverage": 19433.261538,
    "dateExDate": "2022-10-13",
    "datePayDate": "2022-11-11",
    "dateRecordDate": "2022-10-14",
    "dividend": 0.01,
    "dividendType": "F",
    "frankingPercent": 100,
    "cashFlow": -0.174,
    "earningsPerShare": 0.03554,
    "freeCashFlowYield": 0.09665702029604112,
    "priceEarningsRatio": 10.4108,
    "priceToCash": 10.34586,
    "foreignExempt": false,
    "shareDescription": "Ordinary Fully Paid",
    "numOfShares": 41607143,
    "yieldAnnual": 6.756756756756757,
    "incomeStatement": [
      {
        "revenue": 29957000,
        "netIncome": 1472000,
        "period": "2022A",
        "fPeriodEndDate": 44742,
        "curCode": "AUD"
      },
      {
        "revenue": 33409000,
        "netIncome": 3405000,
        "period": "2021A",
        "fPeriodEndDate": 44377,
        "curCode": "AUD"
      },
      {
        "revenue": 25034000,
        "netIncome": -3345000,
        "period": "2020A",
        "fPeriodEndDate": 44012,
        "curCode": "AUD"
      },
      {
        "revenue": 28400000,
        "netIncome": 992000,
        "period": "2019A",
        "fPeriodEndDate": 43646,
        "curCode": "AUD"
      }
    ]
  },
  {
    "symbol": "CCR",
    "displayName": "CREDIT CLEAR LIMITED",
    "industry": "Software & Services",
    "dateListed": "2020-10-27",
    "marketCap": 185293722,
    "xid": "621258852",
    "priceChangeFiveDayPercent": 0,
    "isRecentListing": false,
    "priceAsk": 0.49,
    "priceBid": 0.485,
    "priceChange": -0.015000000000000013,
    "priceChangePercent": -2.970297029702973,
    "priceLast": 0.49,
    "sector": "Information Technology",
    "industryGroup": "Software & Services",
    "securityType": 1,
    "volume": 60996,
    "statusCode": "",
    "isin": "AU0000107526",
    "priceClose": 0.505,
    "priceDayHigh": 0.505,
    "priceDayLow": 0.485,
    "priceFiftyTwoWeekHigh": 0.585,
    "priceFiftyTwoWeekLow": 0.33,
    "volumeAverage": 130310.573034,
    "cashFlow": -7.364,
    "earningsPerShare": -0.04595,
    "freeCashFlowYield": -0.0000100000010000001,
    "priceEarningsRatio": -99999.99,
    "priceToCash": -99999.99,
    "foreignExempt": false,
    "shareDescription": "Ordinary Fully Paid",
    "numOfShares": 366918261,
    "yieldAnnual": 0,
    "incomeStatement": [
      {
        "revenue": 21462000,
        "netIncome": -12577000,
        "period": "2022A",
        "fPeriodEndDate": 44742,
        "curCode": "AUD"
      },
      {
        "revenue": 10980000,
        "netIncome": -8019000,
        "period": "2021A",
        "fPeriodEndDate": 44377,
        "curCode": "AUD"
      },
      {
        "revenue": 6474520,
        "netIncome": -4286630,
        "period": "2020A",
        "fPeriodEndDate": 44012,
        "curCode": "AUD"
      },
      {
        "revenue": 972100,
        "netIncome": -3546670,
        "period": "2019A",
        "fPeriodEndDate": 43646,
        "curCode": "AUD"
      }
    ]
  },
  {
    "symbol": "CV1",
    "displayName": "CV CHECK LTD",
    "industry": "Software & Services",
    "dateListed": "2015-09-08",
    "marketCap": 40817843,
    "xid": "298471412",
    "priceChangeFiveDayPercent": -8.000000000000007,
    "isRecentListing": false,
    "priceAsk": 0.094,
    "priceBid": 0.093,
    "priceChange": -0.0020000000000000018,
    "priceChangePercent": -2.127659574468087,
    "priceLast": 0.092,
    "sector": "Information Technology",
    "industryGroup": "Software & Services",
    "securityType": 1,
    "volume": 65376,
    "statusCode": "",
    "isin": "AU000000CV19",
    "priceClose": 0.094,
    "priceDayHigh": 0.094,
    "priceDayLow": 0.092,
    "priceFiftyTwoWeekHigh": 0.18,
    "priceFiftyTwoWeekLow": 0.09,
    "volumeAverage": 166964.454545,
    "cashFlow": 0.25928,
    "earningsPerShare": -0.00346,
    "freeCashFlowYield": 0.02172084714779212,
    "priceEarningsRatio": -99999.99,
    "priceToCash": 46.03872,
    "foreignExempt": false,
    "shareDescription": "Ordinary Fully Paid",
    "numOfShares": 434232370,
    "yieldAnnual": 0,
    "incomeStatement": [
      {
        "revenue": 26432720,
        "netIncome": -1503270,
        "period": "2022A",
        "fPeriodEndDate": 44742,
        "curCode": "AUD"
      },
      {
        "revenue": 18030660,
        "netIncome": -1008140,
        "period": "2021A",
        "fPeriodEndDate": 44377,
        "curCode": "AUD"
      },
      {
        "revenue": 12439520,
        "netIncome": -1253040,
        "period": "2020A",
        "fPeriodEndDate": 44012,
        "curCode": "AUD"
      },
      {
        "revenue": 12419670,
        "netIncome": -1094550,
        "period": "2019A",
        "fPeriodEndDate": 43646,
        "curCode": "AUD"
      }
    ]
  },
  {
    "symbol": "DTC",
    "displayName": "DAMSTRA HOLDINGS LIMITED",
    "industry": "Software & Services",
    "dateListed": "2019-10-16",
    "marketCap": 38654458,
    "xid": "556889952",
    "priceChangeFiveDayPercent": 11.1111111111111,
    "isRecentListing": false,
    "priceAsk": 0.15,
    "priceBid": 0.14,
    "priceChange": 0,
    "priceChangePercent": 0,
    "priceLast": 0.15,
    "sector": "Information Technology",
    "industryGroup": "Software & Services",
    "securityType": 1,
    "volume": 111994,
    "statusCode": "",
    "isin": "AU0000058620",
    "priceClose": 0.15,
    "priceDayHigh": 0.15,
    "priceDayLow": 0.14,
    "priceFiftyTwoWeekHigh": 0.99531,
    "priceFiftyTwoWeekLow": 0.076,
    "volumeAverage": 411410.467391,
    "cashFlow": -11.419,
    "earningsPerShare": -0.33314,
    "freeCashFlowYield": -0.0000100000010000001,
    "priceEarningsRatio": -99999.99,
    "priceToCash": -99999.99,
    "foreignExempt": false,
    "shareDescription": "Ordinary Fully Paid",
    "numOfShares": 257696388,
    "yieldAnnual": 0,
    "incomeStatement": [
      {
        "revenue": 28989000,
        "netIncome": -67152000,
        "period": "2022A",
        "fPeriodEndDate": 44742,
        "curCode": "AUD"
      },
      {
        "revenue": 27053000,
        "netIncome": -8627000,
        "period": "2021A",
        "fPeriodEndDate": 44377,
        "curCode": "AUD"
      },
      {
        "revenue": 20553000,
        "netIncome": -3779000,
        "period": "2020A",
        "fPeriodEndDate": 44012,
        "curCode": "AUD"
      },
      {
        "revenue": 15982890,
        "netIncome": -3718420,
        "period": "2019A",
        "fPeriodEndDate": 43646,
        "curCode": "AUD"
      }
    ]
  },
  {
    "symbol": "DTL",
    "displayName": "DATA#3 LIMITED",
    "industry": "Software & Services",
    "dateListed": "1997-12-23",
    "marketCap": 980158827,
    "xid": "93425",
    "priceChangeFiveDayPercent": -1.5625000000000082,
    "isRecentListing": false,
    "priceAsk": 6.34,
    "priceBid": 6.3,
    "priceChange": -0.040000000000000036,
    "priceChangePercent": -0.6309148264984233,
    "priceLast": 6.3,
    "sector": "Information Technology",
    "industryGroup": "Software & Services",
    "securityType": 1,
    "volume": 190475,
    "statusCode": "",
    "isin": "AU000000DTL4",
    "priceClose": 6.34,
    "priceDayHigh": 6.33,
    "priceDayLow": 6.23,
    "priceFiftyTwoWeekHigh": 6.65,
    "priceFiftyTwoWeekLow": 4.3,
    "volumeAverage": 234108.48913,
    "dateExDate": "2022-09-15",
    "datePayDate": "2022-09-30",
    "dateRecordDate": "2022-09-16",
    "dividend": 0.1065,
    "dividendType": "F",
    "frankingPercent": 100,
    "cashFlow": -52.351,
    "earningsPerShare": 0.19544,
    "freeCashFlowYield": 0.03710382392009321,
    "priceEarningsRatio": 32.49079,
    "priceToCash": 26.9514,
    "foreignExempt": false,
    "shareDescription": "Ordinary Fully Paid",
    "numOfShares": 154599184,
    "yieldAnnual": 2.8412698412698414,
    "incomeStatement": [
      {
        "revenue": 2192997000,
        "netIncome": 30262000,
        "period": "2022A",
        "fPeriodEndDate": 44742,
        "curCode": "AUD"
      },
      {
        "revenue": 1956188000,
        "netIncome": 25414000,
        "period": "2021A",
        "fPeriodEndDate": 44377,
        "curCode": "AUD"
      },
      {
        "revenue": 1625941000,
        "netIncome": 23636000,
        "period": "2020A",
        "fPeriodEndDate": 44012,
        "curCode": "AUD"
      },
      {
        "revenue": 1415569000,
        "netIncome": 17945000,
        "period": "2019A",
        "fPeriodEndDate": 43646,
        "curCode": "AUD"
      }
    ]
  },
  {
    "symbol": "DC2",
    "displayName": "DC TWO LIMITED",
    "industry": "Software & Services",
    "dateListed": "2020-11-10",
    "marketCap": 3395142,
    "xid": "621917410",
    "priceChangeFiveDayPercent": -18.367346938775512,
    "isRecentListing": false,
    "priceAsk": 0.043000000000000003,
    "priceBid": 0.04,
    "priceChange": -0.0010000000000000009,
    "priceChangePercent": -2.4390243902439046,
    "priceLast": 0.04,
    "sector": "Information Technology",
    "industryGroup": "Software & Services",
    "securityType": 1,
    "volume": 27616,
    "statusCode": "",
    "isin": "AU0000108367",
    "priceClose": 0.041,
    "priceDayHigh": 0.04,
    "priceDayLow": 0.04,
    "priceFiftyTwoWeekHigh": 0.23,
    "priceFiftyTwoWeekLow": 0.04,
    "volumeAverage": 75686.126984,
    "cashFlow": -4.27945,
    "earningsPerShare": -0.06397,
    "freeCashFlowYield": -0.0000100000010000001,
    "priceEarningsRatio": -99999.99,
    "priceToCash": -99999.99,
    "foreignExempt": false,
    "shareDescription": "Ordinary Fully Paid",
    "numOfShares": 82808333,
    "yieldAnnual": 0,
    "incomeStatement": [
      {
        "revenue": 4400090,
        "netIncome": -4443120,
        "period": "2022A",
        "fPeriodEndDate": 44742,
        "curCode": "AUD"
      },
      {
        "revenue": 1927280,
        "netIncome": -3555720,
        "period": "2021A",
        "fPeriodEndDate": 44377,
        "curCode": "AUD"
      },
      {
        "revenue": 1906030,
        "netIncome": -208990,
        "period": "2020A",
        "fPeriodEndDate": 44012,
        "curCode": "AUD"
      },
      {
        "revenue": 2160560,
        "netIncome": -21160,
        "period": "2019A",
        "fPeriodEndDate": 43646,
        "curCode": "AUD"
      }
    ]
  },
  {
    "symbol": "DCC",
    "displayName": "DIGITALX LIMITED",
    "industry": "Software & Services",
    "dateListed": "1989-02-06",
    "marketCap": 25347647,
    "xid": "280868",
    "priceChangeFiveDayPercent": 3.030303030303033,
    "isRecentListing": false,
    "priceAsk": 0.035,
    "priceBid": 0.034,
    "priceChange": 0,
    "priceChangePercent": 0,
    "priceLast": 0.034,
    "sector": "Information Technology",
    "industryGroup": "Software & Services",
    "securityType": 1,
    "volume": 160138,
    "statusCode": "",
    "isin": "AU000000DCC9",
    "priceClose": 0.034,
    "priceDayHigh": 0.034,
    "priceDayLow": 0.034,
    "priceFiftyTwoWeekHigh": 0.1575,
    "priceFiftyTwoWeekLow": 0.025,
    "volumeAverage": 1290266.369565,
    "cashFlow": -2.97814,
    "earningsPerShare": -0.00382,
    "freeCashFlowYield": -0.0000100000010000001,
    "priceEarningsRatio": -99999.99,
    "priceToCash": -99999.99,
    "foreignExempt": false,
    "shareDescription": "Ordinary Fully Paid",
    "numOfShares": 745519039,
    "yieldAnnual": 0,
    "incomeStatement": [
      {
        "revenue": 2536590,
        "netIncome": -2839470,
        "period": "2022A",
        "fPeriodEndDate": 44742,
        "curCode": "AUD"
      },
      {
        "revenue": 9985890,
        "netIncome": 6756950,
        "period": "2021A",
        "fPeriodEndDate": 44377,
        "curCode": "AUD"
      },
      {
        "revenue": 554210,
        "netIncome": -6838810,
        "period": "2020A",
        "fPeriodEndDate": 44012,
        "curCode": "AUD"
      },
      {
        "revenue": 1609300,
        "netIncome": -3891680,
        "period": "2019A",
        "fPeriodEndDate": 43646,
        "curCode": "AUD"
      }
    ]
  },
  {
    "symbol": "DSE",
    "displayName": "DROPSUITE LIMITED",
    "industry": "Software & Services",
    "dateListed": "1985-12-12",
    "marketCap": 144877339,
    "xid": "261751",
    "priceChangeFiveDayPercent": 1.3539305178355568e-14,
    "isRecentListing": false,
    "priceAsk": 0.20500000000000002,
    "priceBid": 0.195,
    "priceChange": -0.004999999999999977,
    "priceChangePercent": -2.38095238095237,
    "priceLast": 0.20500000000000002,
    "sector": "Information Technology",
    "industryGroup": "Software & Services",
    "securityType": 1,
    "volume": 66131,
    "statusCode": "",
    "isin": "AU000000DSE1",
    "priceClose": 0.21,
    "priceDayHigh": 0.215,
    "priceDayLow": 0.20500000000000002,
    "priceFiftyTwoWeekHigh": 0.285,
    "priceFiftyTwoWeekLow": 0.15,
    "volumeAverage": 370790.752941,
    "cashFlow": 0.13651,
    "earningsPerShare": 0.00057,
    "freeCashFlowYield": 0.00295604188356624,
    "priceEarningsRatio": 350.8772,
    "priceToCash": 338.2902,
    "foreignExempt": false,
    "shareDescription": "Ordinary Fully Paid",
    "numOfShares": 689892092,
    "yieldAnnual": 0,
    "incomeStatement": [
      {
        "revenue": 11692820,
        "netIncome": -31230,
        "period": "2021A",
        "fPeriodEndDate": 44561,
        "curCode": "AUD"
      },
      {
        "revenue": 7045560,
        "netIncome": -2147360,
        "period": "2020A",
        "fPeriodEndDate": 44196,
        "curCode": "AUD"
      },
      {
        "revenue": 4715850,
        "netIncome": -3145590,
        "period": "2019A",
        "fPeriodEndDate": 43830,
        "curCode": "AUD"
      },
      {
        "revenue": 5289700,
        "netIncome": -1456950,
        "period": "2018A",
        "fPeriodEndDate": 43465,
        "curCode": "AUD"
      }
    ]
  },
  {
    "symbol": "DUB",
    "displayName": "DUBBER CORPORATION LIMITED",
    "industry": "Software & Services",
    "dateListed": "2000-06-30",
    "marketCap": 117611822,
    "xid": "221489",
    "priceChangeFiveDayPercent": -13.253012048192769,
    "isRecentListing": false,
    "priceAsk": 0.38,
    "priceBid": 0.36,
    "priceChange": -0.025000000000000022,
    "priceChangePercent": -6.493506493506499,
    "priceLast": 0.36,
    "sector": "Information Technology",
    "industryGroup": "Software & Services",
    "securityType": 1,
    "volume": 750173,
    "statusCode": "",
    "isin": "AU000000DUB3",
    "priceClose": 0.385,
    "priceDayHigh": 0.4,
    "priceDayLow": 0.36,
    "priceFiftyTwoWeekHigh": 3.98,
    "priceFiftyTwoWeekLow": 0.35,
    "volumeAverage": 1428934.275862,
    "cashFlow": -52.25236,
    "earningsPerShare": -0.28078,
    "freeCashFlowYield": -0.0000100000010000001,
    "priceEarningsRatio": -99999.99,
    "priceToCash": -99999.99,
    "foreignExempt": false,
    "shareDescription": "Ordinary Fully Paid",
    "numOfShares": 305485251,
    "yieldAnnual": 0,
    "incomeStatement": [
      {
        "revenue": 25567850,
        "netIncome": -83238190,
        "period": "2022A",
        "fPeriodEndDate": 44742,
        "curCode": "AUD"
      },
      {
        "revenue": 20599930,
        "netIncome": -31697440,
        "period": "2021A",
        "fPeriodEndDate": 44377,
        "curCode": "AUD"
      },
      {
        "revenue": 11844230,
        "netIncome": -18000260,
        "period": "2020A",
        "fPeriodEndDate": 44012,
        "curCode": "AUD"
      },
      {
        "revenue": 7392190,
        "netIncome": -9648670,
        "period": "2019A",
        "fPeriodEndDate": 43646,
        "curCode": "AUD"
      }
    ]
  },
  {
    "symbol": "DUG",
    "displayName": "DUG TECHNOLOGY LTD",
    "industry": "Software & Services",
    "dateListed": "2020-08-12",
    "marketCap": 57880459,
    "xid": "608430811",
    "priceChangeFiveDayPercent": -2.0000000000000018,
    "isRecentListing": false,
    "priceAsk": 0.49,
    "priceBid": 0.47000000000000003,
    "priceChange": 0,
    "priceChangePercent": 0,
    "priceLast": 0.49,
    "sector": "Information Technology",
    "industryGroup": "Software & Services",
    "securityType": 1,
    "volume": 0,
    "statusCode": "",
    "isin": "AU0000095721",
    "priceClose": 0.49,
    "priceFiftyTwoWeekHigh": 0.875,
    "priceFiftyTwoWeekLow": 0.35,
    "volumeAverage": 98811.962963,
    "cashFlow": -3.09411,
    "earningsPerShare": -0.13112,
    "freeCashFlowYield": -0.0000100000010000001,
    "priceEarningsRatio": -99999.99,
    "priceToCash": -99999.99,
    "foreignExempt": false,
    "shareDescription": "Ordinary Fully Paid",
    "numOfShares": 118123386,
    "yieldAnnual": 0,
    "incomeStatement": [
      {
        "revenue": 33664000,
        "netIncome": -9268000,
        "period": "2022A",
        "fPeriodEndDate": 44742,
        "curCode": "USD"
      },
      {
        "revenue": 38450000,
        "netIncome": -15982000,
        "period": "2021A",
        "fPeriodEndDate": 44377,
        "curCode": "USD"
      },
      {
        "revenue": 45336630,
        "netIncome": -11690310,
        "period": "2020A",
        "fPeriodEndDate": 44012,
        "curCode": "USD"
      },
      {
        "revenue": 52134880,
        "netIncome": -2632400,
        "period": "2019A",
        "fPeriodEndDate": 43646,
        "curCode": "USD"
      }
    ]
  },
  {
    "symbol": "DXN",
    "displayName": "DXN LIMITED",
    "industry": "Software & Services",
    "dateListed": "2018-04-11",
    "marketCap": 13770519,
    "xid": "459025088",
    "priceChangeFiveDayPercent": -5.8823529411764754,
    "isRecentListing": false,
    "priceAsk": 0.009000000000000001,
    "priceBid": 0.008,
    "priceChange": 0,
    "priceChangePercent": 0,
    "priceLast": 0.008,
    "sector": "Information Technology",
    "industryGroup": "Software & Services",
    "securityType": 1,
    "volume": 320640,
    "statusCode": "",
    "isin": "AU0000003386",
    "priceClose": 0.008,
    "priceDayHigh": 0.008,
    "priceDayLow": 0.008,
    "priceFiftyTwoWeekHigh": 0.012,
    "priceFiftyTwoWeekLow": 0.004,
    "volumeAverage": 6216755.578947,
    "cashFlow": -0.42859,
    "earningsPerShare": -0.00505,
    "freeCashFlowYield": -0.0000100000010000001,
    "priceEarningsRatio": -99999.99,
    "priceToCash": -99999.99,
    "foreignExempt": false,
    "shareDescription": "Ordinary Fully Paid",
    "numOfShares": 1721314836,
    "yieldAnnual": 0,
    "incomeStatement": [
      {
        "revenue": 16382850,
        "netIncome": -6902450,
        "period": "2022A",
        "fPeriodEndDate": 44742,
        "curCode": "AUD"
      },
      {
        "revenue": 8232610,
        "netIncome": -4812630,
        "period": "2021A",
        "fPeriodEndDate": 44377,
        "curCode": "AUD"
      },
      {
        "revenue": 5262610,
        "netIncome": -12590530,
        "period": "2020A",
        "fPeriodEndDate": 44012,
        "curCode": "AUD"
      },
      {
        "revenue": 1546380,
        "netIncome": -7373440,
        "period": "2019A",
        "fPeriodEndDate": 43646,
        "curCode": "AUD"
      }
    ]
  },
  {
    "symbol": "EIQ",
    "displayName": "ECHOIQ LIMITED",
    "industry": "Software & Services",
    "dateListed": "2010-12-17",
    "marketCap": 73218186,
    "xid": "27605544",
    "priceChangeFiveDayPercent": 9.090909090909083,
    "isRecentListing": false,
    "priceAsk": 0.185,
    "priceBid": 0.17,
    "priceChange": 0.009999999999999981,
    "priceChangePercent": 5.8823529411764595,
    "priceLast": 0.18,
    "sector": "Information Technology",
    "industryGroup": "Software & Services",
    "securityType": 1,
    "volume": 2568624,
    "statusCode": "",
    "isin": "AU0000195430",
    "priceClose": 0.17,
    "priceDayHigh": 0.18,
    "priceDayLow": 0.17,
    "priceFiftyTwoWeekHigh": 0.185,
    "priceFiftyTwoWeekLow": 0.094,
    "volumeAverage": 391546.576923,
    "cashFlow": -3.45503,
    "earningsPerShare": -0.01572,
    "freeCashFlowYield": -0.0000100000010000001,
    "priceEarningsRatio": -99999.99,
    "priceToCash": -99999.99,
    "foreignExempt": false,
    "shareDescription": "Ordinary Fully Paid",
    "numOfShares": 430695213,
    "yieldAnnual": 0,
    "incomeStatement": [
      {
        "revenue": 795910,
        "netIncome": -6172120,
        "period": "2022A",
        "fPeriodEndDate": 44742,
        "curCode": "AUD"
      },
      {
        "revenue": 983180,
        "netIncome": -2994260,
        "period": "2021A",
        "fPeriodEndDate": 44377,
        "curCode": "AUD"
      },
      {
        "revenue": 679870,
        "netIncome": -2683800,
        "period": "2020A",
        "fPeriodEndDate": 44012,
        "curCode": "AUD"
      },
      {
        "revenue": 824530,
        "netIncome": -474920,
        "period": "2019A",
        "fPeriodEndDate": 43646,
        "curCode": "AUD"
      }
    ]
  },
  {
    "symbol": "ELO",
    "displayName": "ELMO SOFTWARE LIMITED",
    "industry": "Software & Services",
    "dateListed": "2017-06-29",
    "marketCap": 298832958,
    "xid": "415579749",
    "priceChangeFiveDayPercent": 28.1512605042017,
    "isRecentListing": false,
    "priceAsk": 3.08,
    "priceBid": 3.0100000000000002,
    "priceChange": 0.050000000000000266,
    "priceChangePercent": 1.6666666666666756,
    "priceLast": 3.0500000000000003,
    "sector": "Information Technology",
    "industryGroup": "Software & Services",
    "securityType": 1,
    "volume": 203503,
    "statusCode": "",
    "isin": "AU000000ELO3",
    "priceClose": 3,
    "priceDayHigh": 3.19,
    "priceDayLow": 3.0100000000000002,
    "priceFiftyTwoWeekHigh": 5.56,
    "priceFiftyTwoWeekLow": 2.05,
    "volumeAverage": 163945.608696,
    "cashFlow": -15.969,
    "earningsPerShare": -0.85498,
    "freeCashFlowYield": -0.0000100000010000001,
    "priceEarningsRatio": -99999.99,
    "priceToCash": -99999.99,
    "foreignExempt": false,
    "shareDescription": "Ordinary Fully Paid",
    "numOfShares": 99610986,
    "yieldAnnual": 0,
    "incomeStatement": [
      {
        "revenue": 91385000,
        "netIncome": -76834000,
        "period": "2022A",
        "fPeriodEndDate": 44742,
        "curCode": "AUD"
      },
      {
        "revenue": 69106000,
        "netIncome": -37626000,
        "period": "2021A",
        "fPeriodEndDate": 44377,
        "curCode": "AUD"
      },
      {
        "revenue": 50051000,
        "netIncome": -18616000,
        "period": "2020A",
        "fPeriodEndDate": 44012,
        "curCode": "AUD"
      },
      {
        "revenue": 40053000,
        "netIncome": -13180000,
        "period": "2019A",
        "fPeriodEndDate": 43646,
        "curCode": "AUD"
      }
    ]
  },
  {
    "symbol": "EML",
    "displayName": "EML PAYMENTS LIMITED",
    "industry": "Software & Services",
    "dateListed": "2006-01-18",
    "marketCap": 248684437,
    "xid": "3916120",
    "priceChangeFiveDayPercent": -4.827586206896541,
    "isRecentListing": false,
    "priceAsk": 0.6950000000000001,
    "priceBid": 0.685,
    "priceChange": 0.025000000000000022,
    "priceChangePercent": 3.7593984962406046,
    "priceLast": 0.6900000000000001,
    "sector": "Information Technology",
    "industryGroup": "Software & Services",
    "securityType": 1,
    "volume": 2783152,
    "statusCode": "",
    "isin": "AU000000EML7",
    "priceClose": 0.665,
    "priceDayHigh": 0.6950000000000001,
    "priceDayLow": 0.64,
    "priceFiftyTwoWeekHigh": 3.91,
    "priceFiftyTwoWeekLow": 0.64,
    "volumeAverage": 4722737.815217,
    "cashFlow": -55.596,
    "earningsPerShare": -0.01364,
    "freeCashFlowYield": 0.09886981909789201,
    "priceEarningsRatio": -99999.99,
    "priceToCash": 10.11431,
    "foreignExempt": false,
    "shareDescription": "Ordinary Fully Paid",
    "numOfShares": 373961560,
    "yieldAnnual": 0,
    "incomeStatement": [
      {
        "revenue": 232383000,
        "netIncome": -4801000,
        "period": "2022A",
        "fPeriodEndDate": 44742,
        "curCode": "AUD"
      },
      {
        "revenue": 192218000,
        "netIncome": -28695000,
        "period": "2021A",
        "fPeriodEndDate": 44377,
        "curCode": "AUD"
      },
      {
        "revenue": 120959000,
        "netIncome": -7143000,
        "period": "2020A",
        "fPeriodEndDate": 44012,
        "curCode": "AUD"
      },
      {
        "revenue": 97195000,
        "netIncome": 8450000,
        "period": "2019A",
        "fPeriodEndDate": 43646,
        "curCode": "AUD"
      }
    ]
  },
  {
    "symbol": "EOL",
    "displayName": "ENERGY ONE LIMITED",
    "industry": "Software & Services",
    "dateListed": "2007-01-15",
    "marketCap": 134917330,
    "xid": "6195516",
    "priceChangeFiveDayPercent": -3.541666666666665,
    "isRecentListing": false,
    "priceAsk": 4.64,
    "priceBid": 4.55,
    "priceChange": 0.019999999999999574,
    "priceChangePercent": 0.43383947939261547,
    "priceLast": 4.63,
    "sector": "Information Technology",
    "industryGroup": "Software & Services",
    "securityType": 1,
    "volume": 2729,
    "statusCode": "XD",
    "isin": "AU000000EOL3",
    "priceClose": 4.61,
    "priceDayHigh": 4.65,
    "priceDayLow": 4.63,
    "priceFiftyTwoWeekHigh": 7.65389,
    "priceFiftyTwoWeekLow": 4.34086,
    "volumeAverage": 9025.256011,
    "dateExDate": "2022-09-29",
    "datePayDate": "2022-10-20",
    "dateRecordDate": "2022-09-30",
    "dividend": 0.06,
    "dividendType": "F",
    "frankingPercent": 0,
    "cashFlow": 1.966,
    "earningsPerShare": 0.13207,
    "freeCashFlowYield": 0.05052801778586226,
    "priceEarningsRatio": 36.76081,
    "priceToCash": 19.791,
    "foreignExempt": false,
    "shareDescription": "Ordinary Fully Paid",
    "numOfShares": 29266232,
    "yieldAnnual": 1.2958963282937364,
    "incomeStatement": [
      {
        "revenue": 32401000,
        "netIncome": 3583000,
        "period": "2022A",
        "fPeriodEndDate": 44742,
        "curCode": "AUD"
      },
      {
        "revenue": 27650000,
        "netIncome": 3705000,
        "period": "2021A",
        "fPeriodEndDate": 44377,
        "curCode": "AUD"
      },
      {
        "revenue": 20321000,
        "netIncome": 1647000,
        "period": "2020A",
        "fPeriodEndDate": 44012,
        "curCode": "AUD"
      },
      {
        "revenue": 15702520,
        "netIncome": 1309040,
        "period": "2019A",
        "fPeriodEndDate": 43646,
        "curCode": "AUD"
      }
    ]
  },
  {
    "symbol": "EOLN",
    "displayName": "ENERGY ONE LIMITED",
    "industry": "Software & Services",
    "dateListed": "2007-01-15",
    "marketCap": 134917330,
    "xid": "756895903",
    "priceChangeFiveDayPercent": 0,
    "isRecentListing": false,
    "priceChange": 0,
    "priceChangePercent": 0,
    "priceLast": 0,
    "sector": "Information Technology",
    "industryGroup": "Software & Services",
    "securityType": 1,
    "volume": 0,
    "statusCode": "",
    "isin": "AU0000240988",
    "priceClose": 0,
    "priceFiftyTwoWeekHigh": 0,
    "priceFiftyTwoWeekLow": 0,
    "cashFlow": 1.966,
    "earningsPerShare": 0.13207,
    "freeCashFlowYield": 0.05052801778586226,
    "priceEarningsRatio": 36.76081,
    "priceToCash": 19.791,
    "foreignExempt": false,
    "shareDescription": "Ordinary Fully Paid Deferred",
    "numOfShares": 29266232,
    "yieldAnnual": -32768,
    "incomeStatement": [
      {
        "revenue": 32401000,
        "netIncome": 3583000,
        "period": "2022A",
        "fPeriodEndDate": 44742,
        "curCode": "AUD"
      },
      {
        "revenue": 27650000,
        "netIncome": 3705000,
        "period": "2021A",
        "fPeriodEndDate": 44377,
        "curCode": "AUD"
      },
      {
        "revenue": 20321000,
        "netIncome": 1647000,
        "period": "2020A",
        "fPeriodEndDate": 44012,
        "curCode": "AUD"
      },
      {
        "revenue": 15702520,
        "netIncome": 1309040,
        "period": "2019A",
        "fPeriodEndDate": 43646,
        "curCode": "AUD"
      }
    ]
  },
  {
    "symbol": "EVS",
    "displayName": "ENVIROSUITE LIMITED",
    "industry": "Software & Services",
    "dateListed": "2008-02-11",
    "marketCap": 144801550,
    "xid": "9335900",
    "priceChangeFiveDayPercent": -7.407407407407414,
    "isRecentListing": false,
    "priceAsk": 0.125,
    "priceBid": 0.115,
    "priceChange": 0.009999999999999995,
    "priceChangePercent": 8.69565217391304,
    "priceLast": 0.125,
    "sector": "Information Technology",
    "industryGroup": "Software & Services",
    "securityType": 1,
    "volume": 508552,
    "statusCode": "",
    "isin": "AU000000EVS3",
    "priceClose": 0.115,
    "priceDayHigh": 0.125,
    "priceDayLow": 0.11,
    "priceFiftyTwoWeekHigh": 0.245,
    "priceFiftyTwoWeekLow": 0.11,
    "volumeAverage": 942957.152174,
    "cashFlow": -9.7,
    "earningsPerShare": -0.01116,
    "freeCashFlowYield": -0.0000100000010000001,
    "priceEarningsRatio": -99999.99,
    "priceToCash": -99999.99,
    "foreignExempt": false,
    "shareDescription": "Ordinary Fully Paid",
    "numOfShares": 1259143913,
    "yieldAnnual": 0,
    "incomeStatement": [
      {
        "revenue": 53459000,
        "netIncome": -13195000,
        "period": "2022A",
        "fPeriodEndDate": 44742,
        "curCode": "AUD"
      },
      {
        "revenue": 48570000,
        "netIncome": -12497000,
        "period": "2021A",
        "fPeriodEndDate": 44377,
        "curCode": "AUD"
      },
      {
        "revenue": 23848000,
        "netIncome": -18236000,
        "period": "2020A",
        "fPeriodEndDate": 44012,
        "curCode": "AUD"
      },
      {
        "revenue": 7691000,
        "netIncome": -5996000,
        "period": "2019A",
        "fPeriodEndDate": 43646,
        "curCode": "AUD"
      }
    ]
  },
  {
    "symbol": "EPX",
    "displayName": "EP&T GLOBAL LIMITED",
    "industry": "Software & Services",
    "dateListed": "2021-05-12",
    "marketCap": 12280775,
    "xid": "650668031",
    "priceChangeFiveDayPercent": -5.882352941176463,
    "isRecentListing": false,
    "priceAsk": 0.051000000000000004,
    "priceBid": 0.047,
    "priceChange": -0.0030000000000000027,
    "priceChangePercent": -5.8823529411764754,
    "priceLast": 0.048,
    "sector": "Information Technology",
    "industryGroup": "Software & Services",
    "securityType": 1,
    "volume": 30938,
    "statusCode": "",
    "isin": "AU0000141525",
    "priceClose": 0.051000000000000004,
    "priceDayHigh": 0.048,
    "priceDayLow": 0.048,
    "priceFiftyTwoWeekHigh": 0.235,
    "priceFiftyTwoWeekLow": 0.045,
    "volumeAverage": 512318.363636,
    "cashFlow": -8.32761,
    "earningsPerShare": -0.03864,
    "freeCashFlowYield": -0.0000100000010000001,
    "priceEarningsRatio": -99999.99,
    "priceToCash": -99999.99,
    "foreignExempt": false,
    "shareDescription": "Ordinary Fully Paid",
    "numOfShares": 240799500,
    "yieldAnnual": 0,
    "incomeStatement": [
      {
        "revenue": 7085740,
        "netIncome": -8404630,
        "period": "2022A",
        "fPeriodEndDate": 44742,
        "curCode": "AUD"
      },
      {
        "revenue": 6077750,
        "netIncome": -12156860,
        "period": "2021A",
        "fPeriodEndDate": 44377,
        "curCode": "AUD"
      },
      {
        "revenue": 6733130,
        "netIncome": -4106990,
        "period": "2020A",
        "fPeriodEndDate": 44012,
        "curCode": "AUD"
      },
      {
        "revenue": 11507390,
        "netIncome": -2518210,
        "period": "2019A",
        "fPeriodEndDate": 43646,
        "curCode": "AUD"
      }
    ]
  },
  {
    "symbol": "ESK",
    "displayName": "ETHERSTACK PLC",
    "industry": "Software & Services",
    "dateListed": "2012-09-07",
    "marketCap": 60130971,
    "xid": "49750255",
    "priceChangeFiveDayPercent": 1.0989010989010999,
    "isRecentListing": false,
    "priceAsk": 0.47500000000000003,
    "priceBid": 0.4,
    "priceChange": 0,
    "priceChangePercent": 0,
    "priceLast": 0.46,
    "sector": "Information Technology",
    "industryGroup": "Software & Services",
    "securityType": 1,
    "volume": 7099,
    "statusCode": "",
    "isin": "AU000000ESK6",
    "priceClose": 0.46,
    "priceDayHigh": 0.46,
    "priceDayLow": 0.46,
    "priceFiftyTwoWeekHigh": 0.55,
    "priceFiftyTwoWeekLow": 0.26,
    "volumeAverage": 40229.5,
    "cashFlow": -1.62839,
    "earningsPerShare": 0.02729,
    "freeCashFlowYield": 0.0951136322564568,
    "priceEarningsRatio": 16.67354,
    "priceToCash": 10.51374,
    "foreignExempt": false,
    "shareDescription": "Chess Depositary Interests 1:1",
    "numOfShares": 130719502,
    "yieldAnnual": 0,
    "incomeStatement": [
      {
        "revenue": 8504000,
        "netIncome": 1455000,
        "period": "2021A",
        "fPeriodEndDate": 44561,
        "curCode": "USD"
      },
      {
        "revenue": 4699000,
        "netIncome": -2300000,
        "period": "2020A",
        "fPeriodEndDate": 44196,
        "curCode": "USD"
      },
      {
        "revenue": 4792000,
        "netIncome": -871000,
        "period": "2019A",
        "fPeriodEndDate": 43830,
        "curCode": "USD"
      },
      {
        "revenue": 5264000,
        "netIncome": 53000,
        "period": "2018A",
        "fPeriodEndDate": 43465,
        "curCode": "USD"
      }
    ]
  },
  {
    "symbol": "FZO",
    "displayName": "FAMILY ZONE CYBER SAFETY LIMITED",
    "industry": "Software & Services",
    "dateListed": "2016-08-29",
    "marketCap": 250956020,
    "xid": "360895068",
    "priceChangeFiveDayPercent": -3.4482758620689498,
    "isRecentListing": false,
    "priceAsk": 0.295,
    "priceBid": 0.275,
    "priceChange": 0,
    "priceChangePercent": 0,
    "priceLast": 0.28,
    "sector": "Information Technology",
    "industryGroup": "Software & Services",
    "securityType": 1,
    "volume": 249564,
    "statusCode": "",
    "isin": "AU000000FZO0",
    "priceClose": 0.28,
    "priceDayHigh": 0.3,
    "priceDayLow": 0.275,
    "priceFiftyTwoWeekHigh": 0.715,
    "priceFiftyTwoWeekLow": 0.265,
    "volumeAverage": 1422221.543478,
    "cashFlow": -38.59517,
    "earningsPerShare": -0.09269,
    "freeCashFlowYield": -0.0000100000010000001,
    "priceEarningsRatio": -99999.99,
    "priceToCash": -99999.99,
    "foreignExempt": false,
    "shareDescription": "Ordinary Fully Paid",
    "numOfShares": 896271499,
    "yieldAnnual": 0,
    "incomeStatement": [
      {
        "revenue": 45180650,
        "netIncome": -64015460,
        "period": "2022A",
        "fPeriodEndDate": 44742,
        "curCode": "AUD"
      },
      {
        "revenue": 9772570,
        "netIncome": -21930400,
        "period": "2021A",
        "fPeriodEndDate": 44377,
        "curCode": "AUD"
      },
      {
        "revenue": 6075720,
        "netIncome": -17617120,
        "period": "2020A",
        "fPeriodEndDate": 44012,
        "curCode": "AUD"
      },
      {
        "revenue": 4200490,
        "netIncome": -14401140,
        "period": "2019A",
        "fPeriodEndDate": 43646,
        "curCode": "AUD"
      }
    ]
  },
  {
    "symbol": "FLX",
    "displayName": "FELIX GROUP HOLDINGS LTD",
    "industry": "Software & Services",
    "dateListed": "2021-01-12",
    "marketCap": 18806366,
    "xid": "632385316",
    "priceChangeFiveDayPercent": -16.666666666666664,
    "isRecentListing": false,
    "priceAsk": 0.145,
    "priceBid": 0.12,
    "priceChange": 0.0050000000000000044,
    "priceChangePercent": 4.1666666666666705,
    "priceLast": 0.125,
    "sector": "Information Technology",
    "industryGroup": "Software & Services",
    "securityType": 1,
    "volume": 39000,
    "upcomingEventName": "AGM",
    "statusCode": "",
    "isin": "AU0000123879",
    "priceClose": 0.12,
    "priceDayHigh": 0.13,
    "priceDayLow": 0.125,
    "priceFiftyTwoWeekHigh": 0.385,
    "priceFiftyTwoWeekLow": 0.12,
    "volumeAverage": 206362.730159,
    "cashFlow": -6.66,
    "earningsPerShare": -0.05614,
    "freeCashFlowYield": -0.0000100000010000001,
    "priceEarningsRatio": -99999.99,
    "priceToCash": -99999.99,
    "foreignExempt": false,
    "shareDescription": "Ordinary Fully Paid",
    "numOfShares": 156719713,
    "yieldAnnual": 0,
    "incomeStatement": [
      {
        "revenue": 4123000,
        "netIncome": -7555000,
        "period": "2022A",
        "fPeriodEndDate": 44742,
        "curCode": "AUD"
      },
      {
        "revenue": 3684000,
        "netIncome": -10778000,
        "period": "2021A",
        "fPeriodEndDate": 44377,
        "curCode": "AUD"
      },
      {
        "revenue": 4176810,
        "netIncome": -7217340,
        "period": "2020A",
        "fPeriodEndDate": 44012,
        "curCode": "AUD"
      },
      {
        "revenue": 3012870,
        "netIncome": -5292980,
        "period": "2019A",
        "fPeriodEndDate": 43646,
        "curCode": "AUD"
      }
    ]
  },
  {
    "symbol": "FND",
    "displayName": "FINDI LIMITED",
    "industry": "Software & Services",
    "dateListed": "2001-08-08",
    "marketCap": 9977152,
    "xid": "591676895",
    "priceChangeFiveDayPercent": -1.250000000000001,
    "isRecentListing": false,
    "priceAsk": 0.4,
    "priceBid": 0.37,
    "priceChange": 0,
    "priceChangePercent": 0,
    "priceLast": 0.395,
    "sector": "Information Technology",
    "industryGroup": "Software & Services",
    "securityType": 1,
    "volume": 0,
    "statusCode": "RE",
    "isin": "AU0000241036",
    "priceClose": 0.395,
    "priceFiftyTwoWeekHigh": 0.87899,
    "priceFiftyTwoWeekLow": 0.3,
    "volumeAverage": 52439.194231,
    "dateExDate": "2021-03-16",
    "datePayDate": "2021-04-09",
    "dateRecordDate": "2021-03-17",
    "dividend": 0.0555,
    "dividendType": "I",
    "frankingPercent": 100,
    "cashFlow": -10.041,
    "earningsPerShare": -0.16023,
    "freeCashFlowYield": -0.0000100000010000001,
    "priceEarningsRatio": -99999.99,
    "priceToCash": -99999.99,
    "foreignExempt": false,
    "shareDescription": "Ordinary Fully Paid",
    "numOfShares": 25258612,
    "yieldAnnual": 0,
    "incomeStatement": [
      {
        "revenue": 4778000,
        "netIncome": -1522000,
        "period": "2022A",
        "fPeriodEndDate": 44651,
        "curCode": "AUD"
      },
      {
        "revenue": 99000,
        "netIncome": 10405000,
        "period": "2021A",
        "fPeriodEndDate": 44286,
        "curCode": "AUD"
      },
      {
        "revenue": 4000,
        "netIncome": 2276000,
        "period": "2020A",
        "fPeriodEndDate": 43921,
        "curCode": "AUD"
      },
      {
        "revenue": 5821000,
        "netIncome": 48000,
        "period": "2019A",
        "fPeriodEndDate": 43555,
        "curCode": "AUD"
      }
    ]
  },
  {
    "symbol": "FCL",
    "displayName": "FINEOS CORPORATION HOLDINGS PLC",
    "industry": "Software & Services",
    "dateListed": "2019-08-16",
    "marketCap": 437560715,
    "xid": "547895834",
    "priceChangeFiveDayPercent": 8.593750000000009,
    "isRecentListing": false,
    "priceAsk": 1.4000000000000001,
    "priceBid": 1.37,
    "priceChange": 0.020000000000000018,
    "priceChangePercent": 1.4598540145985412,
    "priceLast": 1.3900000000000001,
    "sector": "Information Technology",
    "industryGroup": "Software & Services",
    "securityType": 1,
    "volume": 20242,
    "statusCode": "",
    "isin": "AU0000054322",
    "priceClose": 1.37,
    "priceDayHigh": 1.4000000000000001,
    "priceDayLow": 1.37,
    "priceFiftyTwoWeekHigh": 4.79,
    "priceFiftyTwoWeekLow": 1.2,
    "volumeAverage": 271973.597826,
    "cashFlow": -23.05204,
    "earningsPerShare": -0.1265,
    "freeCashFlowYield": -0.0000100000010000001,
    "priceEarningsRatio": -99999.99,
    "priceToCash": -99999.99,
    "foreignExempt": false,
    "shareDescription": "Chess Depositary Interests 1:1",
    "numOfShares": 319387383,
    "yieldAnnual": 0,
    "incomeStatement": [
      {
        "revenue": 127247700,
        "netIncome": -25996070,
        "period": "2022A",
        "fPeriodEndDate": 44742,
        "curCode": "EUR"
      },
      {
        "revenue": 108338640,
        "netIncome": -12485060,
        "period": "2021A",
        "fPeriodEndDate": 44377,
        "curCode": "EUR"
      },
      {
        "revenue": 87808300,
        "netIncome": -227180,
        "period": "2020A",
        "fPeriodEndDate": 44012,
        "curCode": "EUR"
      },
      {
        "revenue": 62812770,
        "netIncome": -1769660,
        "period": "2019A",
        "fPeriodEndDate": 43646,
        "curCode": "EUR"
      }
    ]
  },
  {
    "symbol": "FTC",
    "displayName": "FINTECH CHAIN LIMITED",
    "industry": "Software & Services",
    "dateListed": "2012-11-27",
    "marketCap": 16269240,
    "xid": "52379327",
    "priceChangeFiveDayPercent": 0,
    "isRecentListing": false,
    "priceAsk": 0.055,
    "priceBid": 0.025,
    "priceChange": 0,
    "priceChangePercent": 0,
    "priceLast": 0.025,
    "sector": "Information Technology",
    "industryGroup": "Software & Services",
    "securityType": 1,
    "volume": 0,
    "statusCode": "",
    "isin": "AU0000008815",
    "priceClose": 0.025,
    "priceFiftyTwoWeekHigh": 0.069,
    "priceFiftyTwoWeekLow": 0.018,
    "volumeAverage": 229711.25,
    "foreignExempt": false,
    "shareDescription": "Chess Depositary Interests 1:1",
    "numOfShares": 650769591,
    "yieldAnnual": 0,
    "incomeStatement": [
      {
        "revenue": 64447600,
        "netIncome": 1570230,
        "period": "2022A",
        "fPeriodEndDate": 44651,
        "curCode": "CNY"
      },
      {
        "revenue": 54770770,
        "netIncome": 10287900,
        "period": "2021A",
        "fPeriodEndDate": 44286,
        "curCode": "CNY"
      },
      {
        "revenue": 35637780,
        "netIncome": 3526880,
        "period": "2020A",
        "fPeriodEndDate": 43921,
        "curCode": "CNY"
      },
      {
        "revenue": 44185840,
        "netIncome": 3020430,
        "period": "2019A",
        "fPeriodEndDate": 43555,
        "curCode": "CNY"
      }
    ]
  },
  {
    "symbol": "FCT",
    "displayName": "FIRSTWAVE CLOUD TECHNOLOGY LIMITED",
    "industry": "Software & Services",
    "dateListed": "2011-05-11",
    "marketCap": 83117696,
    "xid": "31830469",
    "priceChangeFiveDayPercent": -24.13793103448277,
    "isRecentListing": false,
    "priceAsk": 0.046,
    "priceBid": 0.042,
    "priceChange": -0.006000000000000005,
    "priceChangePercent": -12.00000000000001,
    "priceLast": 0.044,
    "sector": "Information Technology",
    "industryGroup": "Software & Services",
    "securityType": 1,
    "volume": 381346,
    "statusCode": "",
    "isin": "AU000000FCT8",
    "priceClose": 0.05,
    "priceDayHigh": 0.045,
    "priceDayLow": 0.044,
    "priceFiftyTwoWeekHigh": 0.10667,
    "priceFiftyTwoWeekLow": 0.039,
    "volumeAverage": 1253260.589744,
    "cashFlow": -11.2092,
    "earningsPerShare": -0.01352,
    "freeCashFlowYield": -0.0000100000010000001,
    "priceEarningsRatio": -99999.99,
    "priceToCash": -99999.99,
    "foreignExempt": false,
    "shareDescription": "Ordinary Fully Paid",
    "numOfShares": 1662353921,
    "yieldAnnual": 0,
    "incomeStatement": [
      {
        "revenue": 9364990,
        "netIncome": -13455490,
        "period": "2022A",
        "fPeriodEndDate": 44742,
        "curCode": "AUD"
      },
      {
        "revenue": 8066840,
        "netIncome": -10812110,
        "period": "2021A",
        "fPeriodEndDate": 44377,
        "curCode": "AUD"
      },
      {
        "revenue": 8301640,
        "netIncome": -13777480,
        "period": "2020A",
        "fPeriodEndDate": 44012,
        "curCode": "AUD"
      },
      {
        "revenue": 8887900,
        "netIncome": -11007340,
        "period": "2019A",
        "fPeriodEndDate": 43646,
        "curCode": "AUD"
      }
    ]
  },
  {
    "symbol": "FGL",
    "displayName": "FRUGL GROUP LIMITED",
    "industry": "Software & Services",
    "dateListed": "2004-08-10",
    "marketCap": 2913346,
    "xid": "255078",
    "priceChangeFiveDayPercent": 9.999999999999993,
    "isRecentListing": false,
    "priceAsk": 0.011,
    "priceBid": 0.01,
    "priceChange": 0,
    "priceChangePercent": 0,
    "priceLast": 0.011,
    "sector": "Information Technology",
    "industryGroup": "Software & Services",
    "securityType": 1,
    "volume": 358765,
    "statusCode": "",
    "isin": "AU0000094161",
    "priceClose": 0.011,
    "priceDayHigh": 0.011,
    "priceDayLow": 0.01,
    "priceFiftyTwoWeekHigh": 0.03556,
    "priceFiftyTwoWeekLow": 0.00711,
    "volumeAverage": 235771.944518,
    "cashFlow": -1.92713,
    "earningsPerShare": -0.01052,
    "freeCashFlowYield": -0.0000100000010000001,
    "priceEarningsRatio": -99999.99,
    "priceToCash": -99999.99,
    "foreignExempt": false,
    "shareDescription": "Ordinary Fully Paid",
    "numOfShares": 264849607,
    "yieldAnnual": 0,
    "incomeStatement": [
      {
        "revenue": 143970,
        "netIncome": -2242700,
        "period": "2022A",
        "fPeriodEndDate": 44742,
        "curCode": "AUD"
      },
      {
        "revenue": 53130,
        "netIncome": -1230250,
        "period": "2021A",
        "fPeriodEndDate": 44377,
        "curCode": "AUD"
      },
      {
        "revenue": 34730,
        "netIncome": -1350680,
        "period": "2020A",
        "fPeriodEndDate": 44012,
        "curCode": "AUD"
      },
      {
        "revenue": 18190,
        "netIncome": -3157930,
        "period": "2019A",
        "fPeriodEndDate": 43646,
        "curCode": "AUD"
      }
    ]
  },
  {
    "symbol": "GTK",
    "displayName": "GENTRACK GROUP LIMITED",
    "industry": "Software & Services",
    "dateListed": "2014-06-25",
    "marketCap": 150438127,
    "xid": "76053381",
    "priceChangeFiveDayPercent": 0,
    "isRecentListing": false,
    "priceAsk": 1.52,
    "priceBid": 1.49,
    "priceChange": 0,
    "priceChangePercent": 0,
    "priceLast": 1.49,
    "sector": "Information Technology",
    "industryGroup": "Software & Services",
    "securityType": 1,
    "volume": 5201,
    "statusCode": "",
    "isin": "NZGTKE0002S9",
    "priceClose": 1.49,
    "priceDayHigh": 1.49,
    "priceDayLow": 1.49,
    "priceFiftyTwoWeekHigh": 2.07,
    "priceFiftyTwoWeekLow": 1.125,
    "volumeAverage": 76385.917647,
    "dateExDate": "2019-12-06",
    "datePayDate": "2019-12-18",
    "dateRecordDate": "2019-12-09",
    "dividend": 0.0287,
    "dividendType": "F",
    "frankingPercent": 8.5,
    "cashFlow": -2.133,
    "earningsPerShare": -0.01485,
    "freeCashFlowYield": 0.056112408866433955,
    "priceEarningsRatio": -99999.99,
    "priceToCash": 17.82137,
    "foreignExempt": true,
    "shareDescription": "Ordinary Fully Paid Foreign Exempt Nzx",
    "numOfShares": 100965186,
    "yieldAnnual": 0,
    "incomeStatement": [
      {
        "revenue": 105723000,
        "netIncome": 3189000,
        "period": "2021A",
        "fPeriodEndDate": 44469,
        "curCode": "NZD"
      },
      {
        "revenue": 100533000,
        "netIncome": -31706000,
        "period": "2020A",
        "fPeriodEndDate": 44104,
        "curCode": "NZD"
      },
      {
        "revenue": 111682000,
        "netIncome": -3315000,
        "period": "2019A",
        "fPeriodEndDate": 43738,
        "curCode": "NZD"
      },
      {
        "revenue": 104477000,
        "netIncome": 13869000,
        "period": "2018A",
        "fPeriodEndDate": 43373,
        "curCode": "NZD"
      }
    ]
  },
  {
    "symbol": "GTI",
    "displayName": "GRATIFII LIMITED",
    "industry": "Software & Services",
    "dateListed": "2008-07-17",
    "marketCap": 20120541,
    "xid": "12390046",
    "priceChangeFiveDayPercent": 16.666666666666682,
    "isRecentListing": false,
    "priceAsk": 0.021,
    "priceBid": 0.019,
    "priceChange": 0.0010000000000000009,
    "priceChangePercent": 5.000000000000004,
    "priceLast": 0.021,
    "sector": "Information Technology",
    "industryGroup": "Software & Services",
    "securityType": 1,
    "volume": 134400,
    "statusCode": "",
    "isin": "AU0000152183",
    "priceClose": 0.02,
    "priceDayHigh": 0.021,
    "priceDayLow": 0.021,
    "priceFiftyTwoWeekHigh": 0.036,
    "priceFiftyTwoWeekLow": 0.016,
    "volumeAverage": 832687.076923,
    "cashFlow": -3.10567,
    "earningsPerShare": -0.00374,
    "freeCashFlowYield": -0.0000100000010000001,
    "priceEarningsRatio": -99999.99,
    "priceToCash": -99999.99,
    "foreignExempt": false,
    "shareDescription": "Ordinary Fully Paid",
    "numOfShares": 1006027033,
    "yieldAnnual": 0,
    "incomeStatement": [
      {
        "revenue": 12094900,
        "netIncome": -2433580,
        "period": "2022A",
        "fPeriodEndDate": 44742,
        "curCode": "AUD"
      },
      {
        "revenue": 5463530,
        "netIncome": 59280,
        "period": "2021A",
        "fPeriodEndDate": 44377,
        "curCode": "AUD"
      },
      {
        "revenue": 2490940,
        "netIncome": -8924490,
        "period": "2020A",
        "fPeriodEndDate": 44012,
        "curCode": "AUD"
      },
      {
        "revenue": 4487070,
        "netIncome": -7400470,
        "period": "2019A",
        "fPeriodEndDate": 43646,
        "curCode": "AUD"
      }
    ]
  },
  {
    "symbol": "HSN",
    "displayName": "HANSEN TECHNOLOGIES LIMITED",
    "industry": "Software & Services",
    "dateListed": "2000-06-01",
    "marketCap": 910912613,
    "xid": "149766",
    "priceChangeFiveDayPercent": -2.1598272138228864,
    "isRecentListing": false,
    "priceAsk": 4.63,
    "priceBid": 4.45,
    "priceChange": 0.03000000000000025,
    "priceChangePercent": 0.6666666666666722,
    "priceLast": 4.53,
    "sector": "Information Technology",
    "industryGroup": "Software & Services",
    "securityType": 1,
    "volume": 67322,
    "statusCode": "",
    "isin": "AU000000HSN3",
    "priceClose": 4.5,
    "priceDayHigh": 4.59,
    "priceDayLow": 4.48,
    "priceFiftyTwoWeekHigh": 6.69,
    "priceFiftyTwoWeekLow": 4.32,
    "volumeAverage": 226381.271739,
    "dateExDate": "2022-08-29",
    "datePayDate": "2022-09-21",
    "dateRecordDate": "2022-08-30",
    "dividend": 0.05,
    "dividendType": "F",
    "frankingPercent": 30,
    "cashFlow": 47.172,
    "earningsPerShare": 0.20643,
    "freeCashFlowYield": 0.09146478102874099,
    "priceEarningsRatio": 21.99293,
    "priceToCash": 10.93317,
    "foreignExempt": false,
    "shareDescription": "Ordinary Fully Paid",
    "numOfShares": 202425025,
    "yieldAnnual": 2.649006622516556,
    "incomeStatement": [
      {
        "revenue": 296545000,
        "netIncome": 41940000,
        "period": "2022A",
        "fPeriodEndDate": 44742,
        "curCode": "AUD"
      },
      {
        "revenue": 307730000,
        "netIncome": 57335000,
        "period": "2021A",
        "fPeriodEndDate": 44377,
        "curCode": "AUD"
      },
      {
        "revenue": 301369000,
        "netIncome": 25757000,
        "period": "2020A",
        "fPeriodEndDate": 44012,
        "curCode": "AUD"
      },
      {
        "revenue": 231324000,
        "netIncome": 21465000,
        "period": "2019A",
        "fPeriodEndDate": 43646,
        "curCode": "AUD"
      }
    ]
  },
  {
    "symbol": "HSC",
    "displayName": "HSC TECHNOLOGY GROUP LTD",
    "industry": "Software & Services",
    "dateListed": "2006-06-02",
    "marketCap": 22813763,
    "xid": "4802237",
    "priceChangeFiveDayPercent": 9.999999999999993,
    "isRecentListing": false,
    "priceAsk": 0.011,
    "priceBid": 0.01,
    "priceChange": 0.0004999999999999987,
    "priceChangePercent": 4.761904761904749,
    "priceLast": 0.011,
    "sector": "Information Technology",
    "industryGroup": "Software & Services",
    "securityType": 1,
    "volume": 1125497,
    "statusCode": "",
    "isin": "AU0000030348",
    "priceClose": 0.0105,
    "priceDayHigh": 0.011,
    "priceDayLow": 0.0105,
    "priceFiftyTwoWeekHigh": 0.018,
    "priceFiftyTwoWeekLow": 0.009,
    "volumeAverage": 1361211.894737,
    "cashFlow": -3.03141,
    "earningsPerShare": -0.00087,
    "freeCashFlowYield": -0.0000100000010000001,
    "priceEarningsRatio": -99999.99,
    "priceToCash": -99999.99,
    "foreignExempt": false,
    "shareDescription": "Ordinary Fully Paid",
    "numOfShares": 2172739337,
    "yieldAnnual": 0,
    "incomeStatement": [
      {
        "revenue": 3676510,
        "netIncome": -2065600,
        "period": "2021A",
        "fPeriodEndDate": 44561,
        "curCode": "AUD"
      },
      {
        "revenue": 3179310,
        "netIncome": -2366480,
        "period": "2020A",
        "fPeriodEndDate": 44196,
        "curCode": "AUD"
      },
      {
        "revenue": 1150370,
        "netIncome": -4412500,
        "period": "2019A",
        "fPeriodEndDate": 43830,
        "curCode": "AUD"
      },
      {
        "revenue": 161720,
        "netIncome": -4501020,
        "period": "2018A",
        "fPeriodEndDate": 43465,
        "curCode": "AUD"
      }
    ]
  },
  {
    "symbol": "IS3",
    "displayName": "I SYNERGY GROUP LIMITED",
    "industry": "Software & Services",
    "dateListed": "2017-03-30",
    "marketCap": 13744938,
    "xid": "375615533",
    "priceChangeFiveDayPercent": -18.867924528301877,
    "isRecentListing": false,
    "priceAsk": 0.05,
    "priceBid": 0.043000000000000003,
    "priceChange": -0.005999999999999998,
    "priceChangePercent": -12.244897959183671,
    "priceLast": 0.043000000000000003,
    "sector": "Information Technology",
    "industryGroup": "Software & Services",
    "securityType": 1,
    "volume": 52245,
    "statusCode": "",
    "isin": "AU000000IS34",
    "priceClose": 0.049,
    "priceDayHigh": 0.043000000000000003,
    "priceDayLow": 0.043000000000000003,
    "priceFiftyTwoWeekHigh": 0.365,
    "priceFiftyTwoWeekLow": 0.027,
    "volumeAverage": 106509.719298,
    "dateExDate": "2018-10-24",
    "datePayDate": "2018-11-12",
    "dateRecordDate": "2018-10-25",
    "dividend": 0.004,
    "dividendType": "I",
    "frankingPercent": 0,
    "cashFlow": -1.18787,
    "earningsPerShare": -0.03021,
    "freeCashFlowYield": -0.0000100000010000001,
    "priceEarningsRatio": -99999.99,
    "priceToCash": -99999.99,
    "foreignExempt": false,
    "shareDescription": "Ordinary Fully Paid",
    "numOfShares": 280508940,
    "yieldAnnual": 0,
    "incomeStatement": [
      {
        "revenue": 1912130,
        "netIncome": -1049100,
        "period": "2021A",
        "fPeriodEndDate": 44561,
        "curCode": "AUD"
      },
      {
        "revenue": 8369650,
        "netIncome": -1467360,
        "period": "2020A",
        "fPeriodEndDate": 44196,
        "curCode": "AUD"
      },
      {
        "revenue": 8768000,
        "netIncome": -2159000,
        "period": "2019A",
        "fPeriodEndDate": 43830,
        "curCode": "AUD"
      },
      {
        "revenue": 9551000,
        "netIncome": -791000,
        "period": "2018A",
        "fPeriodEndDate": 43465,
        "curCode": "AUD"
      }
    ]
  },
  {
    "symbol": "ICE",
    "displayName": "ICETANA LIMITED",
    "industry": "Software & Services",
    "dateListed": "2019-12-23",
    "marketCap": 6660814,
    "xid": "567723888",
    "priceChangeFiveDayPercent": 14.285714285714278,
    "isRecentListing": false,
    "priceAsk": 0.04,
    "priceBid": 0.039,
    "priceChange": 0.0010000000000000009,
    "priceChangePercent": 2.5641025641025665,
    "priceLast": 0.04,
    "securityType": 1,
    "volume": 105172,
    "statusCode": "",
    "isin": "AU0000067621",
    "priceClose": 0.039,
    "priceDayHigh": 0.04,
    "priceDayLow": 0.039,
    "priceFiftyTwoWeekHigh": 0.11,
    "priceFiftyTwoWeekLow": 0.017,
    "volumeAverage": 198827.71875,
    "cashFlow": -1.92853,
    "earningsPerShare": -0.02,
    "freeCashFlowYield": -0.0000100000010000001,
    "priceEarningsRatio": -99999.99,
    "priceToCash": -99999.99,
    "foreignExempt": false,
    "shareDescription": "Ordinary Fully Paid",
    "numOfShares": 170790093,
    "yieldAnnual": 0,
    "incomeStatement": [
      {
        "revenue": 1790220,
        "netIncome": -3039600,
        "period": "2022A",
        "fPeriodEndDate": 44742,
        "curCode": "AUD"
      },
      {
        "revenue": 1528960,
        "netIncome": -2246280,
        "period": "2021A",
        "fPeriodEndDate": 44377,
        "curCode": "AUD"
      },
      {
        "revenue": 1192430,
        "netIncome": -3209740,
        "period": "2020A",
        "fPeriodEndDate": 44012,
        "curCode": "AUD"
      },
      {
        "revenue": 2015640,
        "netIncome": -3306940,
        "period": "2019A",
        "fPeriodEndDate": 43646,
        "curCode": "AUD"
      }
    ]
  },
  {
    "symbol": "ID8",
    "displayName": "IDENTITII LIMITED",
    "industry": "Software & Services",
    "dateListed": "2018-10-17",
    "marketCap": 10060496,
    "xid": "495136496",
    "priceChangeFiveDayPercent": -1.9230769230769116,
    "isRecentListing": false,
    "priceAsk": 0.051000000000000004,
    "priceBid": 0.049,
    "priceChange": 0.0010000000000000009,
    "priceChangePercent": 2.0000000000000018,
    "priceLast": 0.051000000000000004,
    "sector": "Information Technology",
    "industryGroup": "Software & Services",
    "securityType": 1,
    "volume": 2947,
    "statusCode": "",
    "isin": "AU0000021800",
    "priceClose": 0.05,
    "priceDayHigh": 0.051000000000000004,
    "priceDayLow": 0.051000000000000004,
    "priceFiftyTwoWeekHigh": 0.19798,
    "priceFiftyTwoWeekLow": 0.045,
    "volumeAverage": 389167.551724,
    "cashFlow": -6.08004,
    "earningsPerShare": -0.02592,
    "freeCashFlowYield": -0.0000100000010000001,
    "priceEarningsRatio": -99999.99,
    "priceToCash": -99999.99,
    "foreignExempt": false,
    "shareDescription": "Ordinary Fully Paid",
    "numOfShares": 201209923,
    "yieldAnnual": 0,
    "incomeStatement": [
      {
        "revenue": 2692110,
        "netIncome": -4833960,
        "period": "2022A",
        "fPeriodEndDate": 44742,
        "curCode": "AUD"
      },
      {
        "revenue": 2689280,
        "netIncome": -5825440,
        "period": "2021A",
        "fPeriodEndDate": 44377,
        "curCode": "AUD"
      },
      {
        "revenue": 2060910,
        "netIncome": -7074480,
        "period": "2020A",
        "fPeriodEndDate": 44012,
        "curCode": "AUD"
      },
      {
        "revenue": 2045160,
        "netIncome": -8163300,
        "period": "2019A",
        "fPeriodEndDate": 43646,
        "curCode": "AUD"
      }
    ]
  },
  {
    "symbol": "IFM",
    "displayName": "INFOMEDIA LTD",
    "industry": "Software & Services",
    "dateListed": "2000-08-16",
    "marketCap": 452823335,
    "xid": "164179",
    "priceChangeFiveDayPercent": 1.2605042016806827,
    "isRecentListing": false,
    "priceAsk": 1.235,
    "priceBid": 1.2,
    "priceChange": 0,
    "priceChangePercent": 0,
    "priceLast": 1.205,
    "sector": "Information Technology",
    "industryGroup": "Software & Services",
    "securityType": 1,
    "volume": 237115,
    "statusCode": "",
    "isin": "AU000000IFM0",
    "priceClose": 1.205,
    "priceDayHigh": 1.23,
    "priceDayLow": 1.195,
    "priceFiftyTwoWeekHigh": 1.775,
    "priceFiftyTwoWeekLow": 1.07,
    "volumeAverage": 879656.98913,
    "dateExDate": "2022-09-02",
    "datePayDate": "2022-09-21",
    "dateRecordDate": "2022-09-05",
    "dividend": 0.03,
    "dividendType": "F",
    "frankingPercent": 14,
    "cashFlow": 3.735,
    "earningsPerShare": 0.02183,
    "freeCashFlowYield": 0.08846105192575288,
    "priceEarningsRatio": 54.97022,
    "priceToCash": 11.30441,
    "foreignExempt": false,
    "shareDescription": "Ordinary Fully Paid",
    "numOfShares": 375787000,
    "yieldAnnual": 4.647302904564315,
    "incomeStatement": [
      {
        "revenue": 120139000,
        "netIncome": 8233000,
        "period": "2022A",
        "fPeriodEndDate": 44742,
        "curCode": "AUD"
      },
      {
        "revenue": 97446000,
        "netIncome": 15969000,
        "period": "2021A",
        "fPeriodEndDate": 44377,
        "curCode": "AUD"
      },
      {
        "revenue": 94618000,
        "netIncome": 18556000,
        "period": "2020A",
        "fPeriodEndDate": 44012,
        "curCode": "AUD"
      },
      {
        "revenue": 84598000,
        "netIncome": 16122000,
        "period": "2019A",
        "fPeriodEndDate": 43646,
        "curCode": "AUD"
      }
    ]
  },
  {
    "symbol": "IRI",
    "displayName": "INTEGRATED RESEARCH LIMITED",
    "industry": "Software & Services",
    "dateListed": "2000-12-13",
    "marketCap": 66589035,
    "xid": "168752",
    "priceChangeFiveDayPercent": -5.194805194805199,
    "isRecentListing": false,
    "priceAsk": 0.4,
    "priceBid": 0.365,
    "priceChange": -0.020000000000000018,
    "priceChangePercent": -5.194805194805199,
    "priceLast": 0.365,
    "sector": "Information Technology",
    "industryGroup": "Software & Services",
    "securityType": 1,
    "volume": 309179,
    "statusCode": "",
    "isin": "AU000000IRI3",
    "priceClose": 0.385,
    "priceDayHigh": 0.4,
    "priceDayLow": 0.365,
    "priceFiftyTwoWeekHigh": 1.685,
    "priceFiftyTwoWeekLow": 0.355,
    "volumeAverage": 171307.152174,
    "dateExDate": "2020-09-02",
    "datePayDate": "2020-10-15",
    "dateRecordDate": "2020-09-03",
    "dividend": 0.0375,
    "dividendType": "F",
    "frankingPercent": 100,
    "cashFlow": 5.142,
    "earningsPerShare": 0.00893,
    "freeCashFlowYield": 0.22398724168671355,
    "priceEarningsRatio": 41.43337,
    "priceToCash": 4.46454,
    "foreignExempt": false,
    "shareDescription": "Ordinary Fully Paid",
    "numOfShares": 172958532,
    "yieldAnnual": 0,
    "incomeStatement": [
      {
        "revenue": 62867000,
        "netIncome": 1545000,
        "period": "2022A",
        "fPeriodEndDate": 44742,
        "curCode": "AUD"
      },
      {
        "revenue": 78493000,
        "netIncome": 7935000,
        "period": "2021A",
        "fPeriodEndDate": 44377,
        "curCode": "AUD"
      },
      {
        "revenue": 110913000,
        "netIncome": 24054000,
        "period": "2020A",
        "fPeriodEndDate": 44012,
        "curCode": "AUD"
      },
      {
        "revenue": 100820000,
        "netIncome": 21851000,
        "period": "2019A",
        "fPeriodEndDate": 43646,
        "curCode": "AUD"
      }
    ]
  },
  {
    "symbol": "IHR",
    "displayName": "INTELLIHR LIMITED",
    "industry": "Software & Services",
    "dateListed": "2018-01-23",
    "marketCap": 21759431,
    "xid": "449420550",
    "priceChangeFiveDayPercent": 1.5873015873015888,
    "isRecentListing": false,
    "priceAsk": 0.068,
    "priceBid": 0.064,
    "priceChange": 0,
    "priceChangePercent": 0,
    "priceLast": 0.064,
    "sector": "Information Technology",
    "industryGroup": "Software & Services",
    "securityType": 1,
    "volume": 83935,
    "statusCode": "",
    "isin": "AU000000IHR5",
    "priceClose": 0.064,
    "priceDayHigh": 0.065,
    "priceDayLow": 0.064,
    "priceFiftyTwoWeekHigh": 0.245,
    "priceFiftyTwoWeekLow": 0.05,
    "volumeAverage": 247761.975309,
    "cashFlow": -10.27195,
    "earningsPerShare": -0.02796,
    "freeCashFlowYield": -0.0000100000010000001,
    "priceEarningsRatio": -99999.99,
    "priceToCash": -99999.99,
    "foreignExempt": false,
    "shareDescription": "Ordinary Fully Paid",
    "numOfShares": 339991116,
    "yieldAnnual": 0,
    "incomeStatement": [
      {
        "revenue": 5588760,
        "netIncome": -8993290,
        "period": "2022A",
        "fPeriodEndDate": 44742,
        "curCode": "AUD"
      },
      {
        "revenue": 2676770,
        "netIncome": -7633420,
        "period": "2021A",
        "fPeriodEndDate": 44377,
        "curCode": "AUD"
      },
      {
        "revenue": 1507350,
        "netIncome": -4820840,
        "period": "2020A",
        "fPeriodEndDate": 44012,
        "curCode": "AUD"
      },
      {
        "revenue": 564800,
        "netIncome": -5432110,
        "period": "2019A",
        "fPeriodEndDate": 43646,
        "curCode": "AUD"
      }
    ]
  },
  {
    "symbol": "IOD",
    "displayName": "IODM LIMITED",
    "industry": "Software & Services",
    "dateListed": "2003-11-18",
    "marketCap": 183408810,
    "xid": "226952",
    "priceChangeFiveDayPercent": -3.1250000000000027,
    "isRecentListing": false,
    "priceAsk": 0.31,
    "priceBid": 0.305,
    "priceChange": -0.0050000000000000044,
    "priceChangePercent": -1.5873015873015888,
    "priceLast": 0.31,
    "sector": "Information Technology",
    "industryGroup": "Software & Services",
    "securityType": 1,
    "volume": 45000,
    "statusCode": "",
    "isin": "AU000000IOD1",
    "priceClose": 0.315,
    "priceDayHigh": 0.31,
    "priceDayLow": 0.31,
    "priceFiftyTwoWeekHigh": 0.365,
    "priceFiftyTwoWeekLow": 0.2,
    "volumeAverage": 121022.463768,
    "cashFlow": -1.78623,
    "earningsPerShare": -0.00418,
    "freeCashFlowYield": -0.0000100000010000001,
    "priceEarningsRatio": -99999.99,
    "priceToCash": -99999.99,
    "foreignExempt": false,
    "shareDescription": "Ordinary Fully Paid",
    "numOfShares": 582250189,
    "yieldAnnual": 0,
    "incomeStatement": [
      {
        "revenue": 1239830,
        "netIncome": -2397880,
        "period": "2022A",
        "fPeriodEndDate": 44742,
        "curCode": "AUD"
      },
      {
        "revenue": 1145530,
        "netIncome": -2204410,
        "period": "2021A",
        "fPeriodEndDate": 44377,
        "curCode": "AUD"
      },
      {
        "revenue": 946120,
        "netIncome": -2420820,
        "period": "2020A",
        "fPeriodEndDate": 44012,
        "curCode": "AUD"
      },
      {
        "revenue": 816830,
        "netIncome": -1113820,
        "period": "2019A",
        "fPeriodEndDate": 43646,
        "curCode": "AUD"
      }
    ]
  },
  {
    "symbol": "IRE",
    "displayName": "IRESS LIMITED",
    "industry": "Software & Services",
    "dateListed": "2000-11-03",
    "marketCap": 1717738615,
    "xid": "168679",
    "priceChangeFiveDayPercent": -1.1879049676025857,
    "isRecentListing": false,
    "priceAsk": 9.31,
    "priceBid": 9,
    "priceChange": -0.05000000000000071,
    "priceChangePercent": -0.5434782608695728,
    "priceLast": 9.15,
    "sector": "Information Technology",
    "industryGroup": "Software & Services",
    "securityType": 1,
    "volume": 318798,
    "upcomingEventName": "Annual General Meeting",
    "statusCode": "",
    "isin": "AU000000IRE2",
    "priceClose": 9.200000000000001,
    "priceDayHigh": 9.24,
    "priceDayLow": 8.97,
    "priceFiftyTwoWeekHigh": 13.25,
    "priceFiftyTwoWeekLow": 8.43,
    "volumeAverage": 527092.130435,
    "dateExDate": "2022-08-31",
    "datePayDate": "2022-09-23",
    "dateRecordDate": "2022-09-01",
    "dividend": 0.16,
    "dividendType": "I",
    "frankingPercent": 25,
    "cashFlow": -1.268,
    "earningsPerShare": 0.33428,
    "freeCashFlowYield": 0.0643544540361183,
    "priceEarningsRatio": 26.92354,
    "priceToCash": 15.53894,
    "foreignExempt": false,
    "shareDescription": "Ordinary Fully Paid",
    "numOfShares": 186710719,
    "yieldAnnual": 5.027322404371585,
    "incomeStatement": [
      {
        "revenue": 595945000,
        "netIncome": 73798000,
        "period": "2021A",
        "fPeriodEndDate": 44561,
        "curCode": "AUD"
      },
      {
        "revenue": 542630000,
        "netIncome": 59213000,
        "period": "2020A",
        "fPeriodEndDate": 44196,
        "curCode": "AUD"
      },
      {
        "revenue": 508943000,
        "netIncome": 65128000,
        "period": "2019A",
        "fPeriodEndDate": 43830,
        "curCode": "AUD"
      },
      {
        "revenue": 464624000,
        "netIncome": 64096000,
        "period": "2018A",
        "fPeriodEndDate": 43465,
        "curCode": "AUD"
      }
    ]
  },
  {
    "symbol": "IXU",
    "displayName": "IXUP LIMITED",
    "industry": "Software & Services",
    "dateListed": "2017-11-15",
    "marketCap": 35062492,
    "xid": "438993992",
    "priceChangeFiveDayPercent": 1.927470528863119e-14,
    "isRecentListing": false,
    "priceAsk": 0.037,
    "priceBid": 0.033,
    "priceChange": -0.000999999999999994,
    "priceChangePercent": -2.7027027027026866,
    "priceLast": 0.036000000000000004,
    "sector": "Information Technology",
    "industryGroup": "Software & Services",
    "securityType": 1,
    "volume": 1024090,
    "statusCode": "",
    "isin": "AU000000IXU6",
    "priceClose": 0.037,
    "priceDayHigh": 0.037,
    "priceDayLow": 0.036000000000000004,
    "priceFiftyTwoWeekHigh": 0.22032,
    "priceFiftyTwoWeekLow": 0.03231,
    "volumeAverage": 536068.806803,
    "cashFlow": -13.68395,
    "earningsPerShare": -0.01562,
    "freeCashFlowYield": -0.0000100000010000001,
    "priceEarningsRatio": -99999.99,
    "priceToCash": -99999.99,
    "foreignExempt": false,
    "shareDescription": "Ordinary Fully Paid",
    "numOfShares": 947634913,
    "yieldAnnual": 0,
    "incomeStatement": [
      {
        "revenue": 978380,
        "netIncome": -13662610,
        "period": "2022A",
        "fPeriodEndDate": 44742,
        "curCode": "AUD"
      },
      {
        "revenue": 21670,
        "netIncome": -5424790,
        "period": "2021A",
        "fPeriodEndDate": 44377,
        "curCode": "AUD"
      },
      {
        "revenue": 105280,
        "netIncome": -3774990,
        "period": "2020A",
        "fPeriodEndDate": 44012,
        "curCode": "AUD"
      },
      {
        "revenue": 274600,
        "netIncome": -6588670,
        "period": "2019A",
        "fPeriodEndDate": 43646,
        "curCode": "AUD"
      }
    ]
  },
  {
    "symbol": "JAN",
    "displayName": "JANISON EDUCATION GROUP LIMITED",
    "industry": "Software & Services",
    "dateListed": "2000-09-12",
    "marketCap": 86337278,
    "xid": "146944",
    "priceChangeFiveDayPercent": 0,
    "isRecentListing": false,
    "priceAsk": 0.37,
    "priceBid": 0.365,
    "priceChange": 0,
    "priceChangePercent": 0,
    "priceLast": 0.365,
    "sector": "Information Technology",
    "industryGroup": "Software & Services",
    "securityType": 1,
    "volume": 58331,
    "upcomingEventName": "Annual General Meeting",
    "statusCode": "",
    "isin": "AU000000JAN7",
    "priceClose": 0.365,
    "priceDayHigh": 0.37,
    "priceDayLow": 0.365,
    "priceFiftyTwoWeekHigh": 1.45,
    "priceFiftyTwoWeekLow": 0.34,
    "volumeAverage": 417740.76087,
    "cashFlow": -6.583,
    "earningsPerShare": -0.03921,
    "freeCashFlowYield": 0.016158850549861447,
    "priceEarningsRatio": -99999.99,
    "priceToCash": 61.88559,
    "foreignExempt": false,
    "shareDescription": "Ordinary Fully Paid",
    "numOfShares": 236540488,
    "yieldAnnual": 0,
    "incomeStatement": [
      {
        "revenue": 36311000,
        "netIncome": -9125000,
        "period": "2022A",
        "fPeriodEndDate": 44742,
        "curCode": "AUD"
      },
      {
        "revenue": 30211000,
        "netIncome": -3249000,
        "period": "2021A",
        "fPeriodEndDate": 44377,
        "curCode": "AUD"
      },
      {
        "revenue": 21882000,
        "netIncome": -2172000,
        "period": "2020A",
        "fPeriodEndDate": 44012,
        "curCode": "AUD"
      },
      {
        "revenue": 22496000,
        "netIncome": -1282000,
        "period": "2019A",
        "fPeriodEndDate": 43646,
        "curCode": "AUD"
      }
    ]
  },
  {
    "symbol": "JXT",
    "displayName": "JAXSTA LTD",
    "industry": "Software & Services",
    "dateListed": "2010-09-21",
    "marketCap": 6851564,
    "xid": "22103572",
    "priceChangeFiveDayPercent": -5.000000000000004,
    "isRecentListing": false,
    "priceAsk": 0.02,
    "priceBid": 0.017,
    "priceChange": -0.0010000000000000009,
    "priceChangePercent": -5.000000000000004,
    "priceLast": 0.019,
    "sector": "Information Technology",
    "industryGroup": "Software & Services",
    "securityType": 1,
    "volume": 431702,
    "statusCode": "",
    "isin": "AU0000032559",
    "priceClose": 0.02,
    "priceDayHigh": 0.019,
    "priceDayLow": 0.018000000000000002,
    "priceFiftyTwoWeekHigh": 0.067,
    "priceFiftyTwoWeekLow": 0.016,
    "volumeAverage": 549046.102564,
    "cashFlow": -5.53566,
    "earningsPerShare": -0.01869,
    "freeCashFlowYield": -0.0000100000010000001,
    "priceEarningsRatio": -99999.99,
    "priceToCash": -99999.99,
    "foreignExempt": false,
    "shareDescription": "Ordinary Fully Paid",
    "numOfShares": 342578199,
    "yieldAnnual": 0,
    "incomeStatement": [
      {
        "revenue": 105210,
        "netIncome": -6200750,
        "period": "2022A",
        "fPeriodEndDate": 44742,
        "curCode": "AUD"
      },
      {
        "revenue": 6150,
        "netIncome": -5709670,
        "period": "2021A",
        "fPeriodEndDate": 44377,
        "curCode": "AUD"
      },
      {
        "revenue": 13990,
        "netIncome": -10438670,
        "period": "2020A",
        "fPeriodEndDate": 44012,
        "curCode": "AUD"
      },
      {
        "revenue": 3650,
        "netIncome": -14384100,
        "period": "2019A",
        "fPeriodEndDate": 43646,
        "curCode": "AUD"
      }
    ]
  },
  {
    "symbol": "JCS",
    "displayName": "JCURVE SOLUTIONS LTD",
    "industry": "Software & Services",
    "dateListed": "2000-12-08",
    "marketCap": 18387233,
    "xid": "260792",
    "priceChangeFiveDayPercent": 1.81818181818182,
    "isRecentListing": false,
    "priceAsk": 0.057,
    "priceBid": 0.055,
    "priceChange": 0,
    "priceChangePercent": 0,
    "priceLast": 0.056,
    "sector": "Information Technology",
    "industryGroup": "Software & Services",
    "securityType": 1,
    "volume": 0,
    "statusCode": "",
    "isin": "AU000000JCS2",
    "priceClose": 0.056,
    "priceFiftyTwoWeekHigh": 0.07,
    "priceFiftyTwoWeekLow": 0.045,
    "volumeAverage": 137797.0625,
    "dateExDate": "2011-04-05",
    "datePayDate": "2011-05-02",
    "dateRecordDate": "2011-04-11",
    "dividend": 0.002,
    "dividendType": "I",
    "frankingPercent": 0,
    "cashFlow": 0.91968,
    "earningsPerShare": -0.0002,
    "freeCashFlowYield": 0.056460268626666074,
    "priceEarningsRatio": -99999.99,
    "priceToCash": 17.71157,
    "foreignExempt": false,
    "shareDescription": "Ordinary Fully Paid",
    "numOfShares": 328343439,
    "yieldAnnual": 0,
    "incomeStatement": [
      {
        "revenue": 15269040,
        "netIncome": -66390,
        "period": "2022A",
        "fPeriodEndDate": 44742,
        "curCode": "AUD"
      },
      {
        "revenue": 10635680,
        "netIncome": 152260,
        "period": "2021A",
        "fPeriodEndDate": 44377,
        "curCode": "AUD"
      },
      {
        "revenue": 11213410,
        "netIncome": -298800,
        "period": "2020A",
        "fPeriodEndDate": 44012,
        "curCode": "AUD"
      },
      {
        "revenue": 12579480,
        "netIncome": 338110,
        "period": "2019A",
        "fPeriodEndDate": 43646,
        "curCode": "AUD"
      }
    ]
  },
  {
    "symbol": "K2F",
    "displayName": "K2FLY LIMITED",
    "industry": "Software & Services",
    "dateListed": "2008-02-19",
    "marketCap": 32170596,
    "xid": "9413784",
    "priceChangeFiveDayPercent": -8.108108108108102,
    "isRecentListing": false,
    "priceAsk": 0.185,
    "priceBid": 0.17,
    "priceChange": -0.014999999999999986,
    "priceChangePercent": -8.108108108108102,
    "priceLast": 0.17,
    "sector": "Information Technology",
    "industryGroup": "Software & Services",
    "securityType": 1,
    "volume": 81767,
    "statusCode": "",
    "isin": "AU000000K2F2",
    "priceClose": 0.185,
    "priceDayHigh": 0.17,
    "priceDayLow": 0.17,
    "priceFiftyTwoWeekHigh": 0.35,
    "priceFiftyTwoWeekLow": 0.145,
    "volumeAverage": 129161.030769,
    "cashFlow": -0.95807,
    "earningsPerShare": -0.03142,
    "freeCashFlowYield": -0.0000100000010000001,
    "priceEarningsRatio": -99999.99,
    "priceToCash": -99999.99,
    "foreignExempt": false,
    "shareDescription": "Ordinary Fully Paid",
    "numOfShares": 173895115,
    "yieldAnnual": 0,
    "incomeStatement": [
      {
        "revenue": 10017480,
        "netIncome": -4621080,
        "period": "2022A",
        "fPeriodEndDate": 44742,
        "curCode": "AUD"
      },
      {
        "revenue": 6954940,
        "netIncome": -2962800,
        "period": "2021A",
        "fPeriodEndDate": 44377,
        "curCode": "AUD"
      },
      {
        "revenue": 5601480,
        "netIncome": -3330990,
        "period": "2020A",
        "fPeriodEndDate": 44012,
        "curCode": "AUD"
      },
      {
        "revenue": 3815030,
        "netIncome": -1938530,
        "period": "2019A",
        "fPeriodEndDate": 43646,
        "curCode": "AUD"
      }
    ]
  },
  {
    "symbol": "KNO",
    "displayName": "KNOSYS LIMITED",
    "industry": "Software & Services",
    "dateListed": "2015-09-09",
    "marketCap": 19884760,
    "xid": "298963109",
    "priceChangeFiveDayPercent": 2.222222222222224,
    "isRecentListing": false,
    "priceAsk": 0.092,
    "priceBid": 0.089,
    "priceChange": 0,
    "priceChangePercent": 0,
    "priceLast": 0.092,
    "sector": "Information Technology",
    "industryGroup": "Software & Services",
    "securityType": 1,
    "volume": 84060,
    "statusCode": "",
    "isin": "AU000000KNO6",
    "priceClose": 0.092,
    "priceDayHigh": 0.092,
    "priceDayLow": 0.092,
    "priceFiftyTwoWeekHigh": 0.19,
    "priceFiftyTwoWeekLow": 0.058,
    "volumeAverage": 120415.345455,
    "cashFlow": -0.27979,
    "earningsPerShare": -0.01423,
    "freeCashFlowYield": -0.0000100000010000001,
    "priceEarningsRatio": -99999.99,
    "priceToCash": -99999.99,
    "foreignExempt": false,
    "shareDescription": "Ordinary Fully Paid",
    "numOfShares": 216138698,
    "yieldAnnual": 0,
    "incomeStatement": [
      {
        "revenue": 8917000,
        "netIncome": -3050550,
        "period": "2022A",
        "fPeriodEndDate": 44742,
        "curCode": "AUD"
      },
      {
        "revenue": 4594080,
        "netIncome": -543840,
        "period": "2021A",
        "fPeriodEndDate": 44377,
        "curCode": "AUD"
      },
      {
        "revenue": 3137320,
        "netIncome": -908390,
        "period": "2020A",
        "fPeriodEndDate": 44012,
        "curCode": "AUD"
      },
      {
        "revenue": 2909230,
        "netIncome": -771910,
        "period": "2019A",
        "fPeriodEndDate": 43646,
        "curCode": "AUD"
      }
    ]
  },
  {
    "symbol": "KYK",
    "displayName": "KYCKR LIMITED",
    "industry": "Software & Services",
    "dateListed": "2016-09-07",
    "marketCap": 42599745,
    "xid": "362581530",
    "priceChangeFiveDayPercent": 0,
    "isRecentListing": false,
    "priceAsk": 0.08,
    "priceBid": 0.079,
    "priceChange": 0,
    "priceChangePercent": 0,
    "priceLast": 0.079,
    "sector": "Information Technology",
    "industryGroup": "Software & Services",
    "securityType": 1,
    "volume": 1066268,
    "statusCode": "",
    "isin": "AU000000KYK1",
    "priceClose": 0.079,
    "priceDayHigh": 0.0795,
    "priceDayLow": 0.079,
    "priceFiftyTwoWeekHigh": 0.08,
    "priceFiftyTwoWeekLow": 0.042,
    "volumeAverage": 1658335.885057,
    "cashFlow": -5.06461,
    "earningsPerShare": -0.01208,
    "freeCashFlowYield": -0.0000100000010000001,
    "priceEarningsRatio": -99999.99,
    "priceToCash": -99999.99,
    "foreignExempt": false,
    "shareDescription": "Ordinary Fully Paid",
    "numOfShares": 539237277,
    "yieldAnnual": 0,
    "incomeStatement": [
      {
        "revenue": 3858110,
        "netIncome": -5941100,
        "period": "2022A",
        "fPeriodEndDate": 44742,
        "curCode": "AUD"
      },
      {
        "revenue": 2750590,
        "netIncome": -5543130,
        "period": "2021A",
        "fPeriodEndDate": 44377,
        "curCode": "AUD"
      },
      {
        "revenue": 2419260,
        "netIncome": -4907830,
        "period": "2020A",
        "fPeriodEndDate": 44012,
        "curCode": "AUD"
      },
      {
        "revenue": 2223230,
        "netIncome": -6125770,
        "period": "2019A",
        "fPeriodEndDate": 43646,
        "curCode": "AUD"
      }
    ]
  },
  {
    "symbol": "LBY",
    "displayName": "LAYBUY GROUP HOLDINGS LIMITED",
    "industry": "Software & Services",
    "dateListed": "2020-09-07",
    "marketCap": 15138231,
    "xid": "612612348",
    "priceChangeFiveDayPercent": -3.333333333333325,
    "isRecentListing": false,
    "priceAsk": 0.059000000000000004,
    "priceBid": 0.056,
    "priceChange": -0.0010000000000000009,
    "priceChangePercent": -1.6949152542372896,
    "priceLast": 0.058,
    "sector": "Information Technology",
    "industryGroup": "Software & Services",
    "securityType": 1,
    "volume": 196793,
    "statusCode": "",
    "isin": "NZLBYE0001S0",
    "priceClose": 0.059000000000000004,
    "priceDayHigh": 0.059000000000000004,
    "priceDayLow": 0.056,
    "priceFiftyTwoWeekHigh": 0.56,
    "priceFiftyTwoWeekLow": 0.034,
    "volumeAverage": 1694238.336957,
    "cashFlow": -46.78125,
    "earningsPerShare": -0.19447,
    "freeCashFlowYield": -0.0000100000010000001,
    "priceEarningsRatio": -99999.99,
    "priceToCash": -99999.99,
    "foreignExempt": false,
    "shareDescription": "Ordinary Fully Paid",
    "numOfShares": 256580194,
    "yieldAnnual": 0,
    "incomeStatement": [
      {
        "revenue": 47103000,
        "netIncome": -51583000,
        "period": "2022A",
        "fPeriodEndDate": 44651,
        "curCode": "NZD"
      },
      {
        "revenue": 32567000,
        "netIncome": -41282000,
        "period": "2021A",
        "fPeriodEndDate": 44286,
        "curCode": "NZD"
      },
      {
        "revenue": 13746900,
        "netIncome": -16136520,
        "period": "2020A",
        "fPeriodEndDate": 43921,
        "curCode": "NZD"
      },
      {
        "revenue": 7155860,
        "netIncome": -3581080,
        "period": "2019A",
        "fPeriodEndDate": 43555,
        "curCode": "NZD"
      }
    ]
  },
  {
    "symbol": "360",
    "displayName": "LIFE360 INC.",
    "industry": "Software & Services",
    "dateListed": "2019-05-10",
    "marketCap": 1071975740,
    "xid": "530820893",
    "priceChangeFiveDayPercent": 11.111111111111121,
    "isRecentListing": false,
    "priceAsk": 5.64,
    "priceBid": 5.5200000000000005,
    "priceChange": -0.1299999999999999,
    "priceChangePercent": -2.268760907504361,
    "priceLast": 5.6000000000000005,
    "sector": "Information Technology",
    "industryGroup": "Software & Services",
    "securityType": 1,
    "volume": 398312,
    "statusCode": "",
    "isin": "AU0000045098",
    "priceClose": 5.73,
    "priceDayHigh": 5.68,
    "priceDayLow": 5.46,
    "priceFiftyTwoWeekHigh": 13.936,
    "priceFiftyTwoWeekLow": 2.41,
    "volumeAverage": 1101822.51087,
    "cashFlow": -253.9783,
    "earningsPerShare": -0.73178,
    "freeCashFlowYield": -0.0000100000010000001,
    "priceEarningsRatio": -99999.99,
    "priceToCash": -99999.99,
    "foreignExempt": false,
    "shareDescription": "Cdi 3:1 Us Person Prohibited Excluding Qib",
    "numOfShares": 187081281,
    "yieldAnnual": 0,
    "incomeStatement": [
      {
        "revenue": 112643000,
        "netIncome": -33557000,
        "period": "2021A",
        "fPeriodEndDate": 44561,
        "curCode": "USD"
      },
      {
        "revenue": 80655000,
        "netIncome": -16334000,
        "period": "2020A",
        "fPeriodEndDate": 44196,
        "curCode": "USD"
      },
      {
        "revenue": 58944000,
        "netIncome": -28953000,
        "period": "2019A",
        "fPeriodEndDate": 43830,
        "curCode": "USD"
      },
      {
        "revenue": 32062000,
        "netIncome": -19357000,
        "period": "2018A",
        "fPeriodEndDate": 43465,
        "curCode": "USD"
      }
    ]
  },
  {
    "symbol": "LME",
    "displayName": "LIMEADE INC.",
    "industry": "Software & Services",
    "dateListed": "2019-12-20",
    "marketCap": 26939411,
    "xid": "567489416",
    "priceChangeFiveDayPercent": -12.5,
    "isRecentListing": false,
    "priceAsk": 0.16,
    "priceBid": 0.096,
    "priceChange": 0,
    "priceChangePercent": 0,
    "priceLast": 0.105,
    "sector": "Information Technology",
    "industryGroup": "Software & Services",
    "securityType": 1,
    "volume": 3888,
    "statusCode": "",
    "isin": "AU0000069171",
    "priceClose": 0.105,
    "priceDayHigh": 0.105,
    "priceDayLow": 0.105,
    "priceFiftyTwoWeekHigh": 0.685,
    "priceFiftyTwoWeekLow": 0.095,
    "volumeAverage": 228498.115385,
    "cashFlow": -27.76561,
    "earningsPerShare": -0.11233,
    "freeCashFlowYield": -0.0000100000010000001,
    "priceEarningsRatio": -99999.99,
    "priceToCash": -99999.99,
    "foreignExempt": false,
    "shareDescription": "Cdi 1:1 Us Person Prohibited Excluding Qib",
    "numOfShares": 256565818,
    "yieldAnnual": 0,
    "incomeStatement": [
      {
        "revenue": 55196000,
        "netIncome": -9965000,
        "period": "2021A",
        "fPeriodEndDate": 44561,
        "curCode": "USD"
      },
      {
        "revenue": 56585000,
        "netIncome": -265000,
        "period": "2020A",
        "fPeriodEndDate": 44196,
        "curCode": "USD"
      },
      {
        "revenue": 47443000,
        "netIncome": -2017000,
        "period": "2019A",
        "fPeriodEndDate": 43830,
        "curCode": "USD"
      },
      {
        "revenue": 40118000,
        "netIncome": -3187000,
        "period": "2018A",
        "fPeriodEndDate": 43465,
        "curCode": "USD"
      }
    ]
  },
  {
    "symbol": "LNU",
    "displayName": "LINIUS TECHNOLOGIES LIMITED",
    "industry": "Software & Services",
    "dateListed": "2011-07-26",
    "marketCap": 7141599,
    "xid": "35079877",
    "priceChangeFiveDayPercent": -25,
    "isRecentListing": false,
    "priceAsk": 0.003,
    "priceBid": 0.002,
    "priceChange": 0,
    "priceChangePercent": 0,
    "priceLast": 0.003,
    "sector": "Information Technology",
    "industryGroup": "Software & Services",
    "securityType": 1,
    "volume": 750000,
    "statusCode": "",
    "isin": "AU000000LNU1",
    "priceClose": 0.003,
    "priceDayHigh": 0.003,
    "priceDayLow": 0.003,
    "priceFiftyTwoWeekHigh": 0.027,
    "priceFiftyTwoWeekLow": 0.0025,
    "volumeAverage": 4394558.452381,
    "cashFlow": -7.85759,
    "earningsPerShare": -0.00521,
    "freeCashFlowYield": -0.0000100000010000001,
    "priceEarningsRatio": -99999.99,
    "priceToCash": -99999.99,
    "foreignExempt": false,
    "shareDescription": "Ordinary Fully Paid",
    "numOfShares": 2380532979,
    "yieldAnnual": 0,
    "incomeStatement": [
      {
        "revenue": 732150,
        "netIncome": -8999230,
        "period": "2022A",
        "fPeriodEndDate": 44742,
        "curCode": "AUD"
      },
      {
        "revenue": 109070,
        "netIncome": -6127500,
        "period": "2021A",
        "fPeriodEndDate": 44377,
        "curCode": "AUD"
      },
      {
        "revenue": 66520,
        "netIncome": -7820190,
        "period": "2020A",
        "fPeriodEndDate": 44012,
        "curCode": "AUD"
      },
      {
        "revenue": 14530,
        "netIncome": -11557870,
        "period": "2019A",
        "fPeriodEndDate": 43646,
        "curCode": "AUD"
      }
    ]
  },
  {
    "symbol": "LNK",
    "displayName": "LINK ADMINISTRATION HOLDINGS LIMITED",
    "industry": "Software & Services",
    "dateListed": "2015-10-27",
    "marketCap": 1687728812,
    "xid": "311755307",
    "priceChangeFiveDayPercent": 0.6191950464396291,
    "isRecentListing": false,
    "priceAsk": 3.29,
    "priceBid": 3.22,
    "priceChange": -0.040000000000000036,
    "priceChangePercent": -1.2158054711246211,
    "priceLast": 3.25,
    "sector": "Information Technology",
    "industryGroup": "Software & Services",
    "securityType": 1,
    "volume": 1670326,
    "statusCode": "",
    "isin": "AU000000LNK2",
    "priceClose": 3.29,
    "priceDayHigh": 3.2800000000000002,
    "priceDayLow": 3.18,
    "priceFiftyTwoWeekHigh": 5.6,
    "priceFiftyTwoWeekLow": 2.77,
    "volumeAverage": 3244955.477778,
    "dateExDate": "2022-09-29",
    "datePayDate": "2022-10-14",
    "dateRecordDate": "2022-09-30",
    "dividend": 0.08,
    "dividendType": "F",
    "frankingPercent": 100,
    "cashFlow": -42.822,
    "earningsPerShare": -0.12952,
    "freeCashFlowYield": 0.04204272129081245,
    "priceEarningsRatio": -99999.99,
    "priceToCash": 23.78533,
    "foreignExempt": false,
    "shareDescription": "Ordinary Fully Paid",
    "numOfShares": 512987481,
    "yieldAnnual": 5.076923076923077,
    "incomeStatement": [
      {
        "revenue": 1175329000,
        "netIncome": -67890000,
        "period": "2022A",
        "fPeriodEndDate": 44742,
        "curCode": "AUD"
      },
      {
        "revenue": 1160340000,
        "netIncome": -163352000,
        "period": "2021A",
        "fPeriodEndDate": 44377,
        "curCode": "AUD"
      },
      {
        "revenue": 1230401000,
        "netIncome": -104621000,
        "period": "2020A",
        "fPeriodEndDate": 44012,
        "curCode": "AUD"
      },
      {
        "revenue": 1403465000,
        "netIncome": 316892000,
        "period": "2019A",
        "fPeriodEndDate": 43646,
        "curCode": "AUD"
      }
    ]
  },
  {
    "symbol": "LVH",
    "displayName": "LIVEHIRE LIMITED",
    "industry": "Software & Services",
    "dateListed": "2016-06-10",
    "marketCap": 77819617,
    "xid": "344829850",
    "priceChangeFiveDayPercent": 15,
    "isRecentListing": false,
    "priceAsk": 0.23500000000000001,
    "priceBid": 0.22,
    "priceChange": 0,
    "priceChangePercent": 0,
    "priceLast": 0.23,
    "sector": "Information Technology",
    "industryGroup": "Software & Services",
    "securityType": 1,
    "volume": 0,
    "statusCode": "",
    "isin": "AU000000LVH1",
    "priceClose": 0.23,
    "priceFiftyTwoWeekHigh": 0.43539,
    "priceFiftyTwoWeekLow": 0.195,
    "volumeAverage": 168268.541476,
    "cashFlow": -8.29699,
    "earningsPerShare": -0.03979,
    "freeCashFlowYield": -0.0000100000010000001,
    "priceEarningsRatio": -99999.99,
    "priceToCash": -99999.99,
    "foreignExempt": false,
    "shareDescription": "Ordinary Fully Paid",
    "numOfShares": 338346163,
    "yieldAnnual": 0,
    "incomeStatement": [
      {
        "revenue": 7719360,
        "netIncome": -12004890,
        "period": "2022A",
        "fPeriodEndDate": 44742,
        "curCode": "AUD"
      },
      {
        "revenue": 6409740,
        "netIncome": -8293280,
        "period": "2021A",
        "fPeriodEndDate": 44377,
        "curCode": "AUD"
      },
      {
        "revenue": 3506370,
        "netIncome": -14644870,
        "period": "2020A",
        "fPeriodEndDate": 44012,
        "curCode": "AUD"
      },
      {
        "revenue": 2665440,
        "netIncome": -13792700,
        "period": "2019A",
        "fPeriodEndDate": 43646,
        "curCode": "AUD"
      }
    ]
  },
  {
    "symbol": "LVT",
    "displayName": "LIVETILES LIMITED",
    "industry": "Software & Services",
    "dateListed": "1999-08-17",
    "marketCap": 53546836,
    "xid": "274062",
    "priceChangeFiveDayPercent": -13.432835820895523,
    "isRecentListing": false,
    "priceAsk": 0.06,
    "priceBid": 0.058,
    "priceChange": 0,
    "priceChangePercent": 0,
    "priceLast": 0.058,
    "sector": "Information Technology",
    "industryGroup": "Software & Services",
    "securityType": 1,
    "volume": 77464,
    "upcomingEventName": "2022 Annual General Meeting",
    "statusCode": "",
    "isin": "AU000000LVT6",
    "priceClose": 0.058,
    "priceDayHigh": 0.059000000000000004,
    "priceDayLow": 0.057,
    "priceFiftyTwoWeekHigh": 0.15,
    "priceFiftyTwoWeekLow": 0.026,
    "volumeAverage": 2624710.644444,
    "cashFlow": -5.09558,
    "earningsPerShare": -0.00092,
    "freeCashFlowYield": 0.054112144172067965,
    "priceEarningsRatio": -99999.99,
    "priceToCash": 18.48014,
    "foreignExempt": false,
    "shareDescription": "Ordinary Fully Paid",
    "numOfShares": 923221306,
    "yieldAnnual": 0,
    "incomeStatement": [
      {
        "revenue": 52829540,
        "netIncome": -818410,
        "period": "2022A",
        "fPeriodEndDate": 44742,
        "curCode": "AUD"
      },
      {
        "revenue": 44976600,
        "netIncome": -30140950,
        "period": "2021A",
        "fPeriodEndDate": 44377,
        "curCode": "AUD"
      },
      {
        "revenue": 37790400,
        "netIncome": -31604440,
        "period": "2020A",
        "fPeriodEndDate": 44012,
        "curCode": "AUD"
      },
      {
        "revenue": 18091880,
        "netIncome": -42765590,
        "period": "2019A",
        "fPeriodEndDate": 43646,
        "curCode": "AUD"
      }
    ]
  },
  {
    "symbol": "LVE",
    "displayName": "LOVE GROUP GLOBAL LTD",
    "industry": "Software & Services",
    "dateListed": "2014-12-05",
    "marketCap": 2918460,
    "xid": "80536691",
    "priceChangeFiveDayPercent": 0,
    "isRecentListing": false,
    "priceAsk": 0.095,
    "priceBid": 0.07100000000000001,
    "priceChange": 0,
    "priceChangePercent": 0,
    "priceLast": 0.07200000000000001,
    "sector": "Communication Services",
    "industryGroup": "Media & Entertainment",
    "securityType": 1,
    "volume": 0,
    "statusCode": "",
    "isin": "AU000000LVE8",
    "priceClose": 0.07200000000000001,
    "priceFiftyTwoWeekHigh": 0.15,
    "priceFiftyTwoWeekLow": 0.07,
    "volumeAverage": 18450.428571,
    "cashFlow": 0.14178,
    "earningsPerShare": 0.00528,
    "freeCashFlowYield": 0.09097608238794022,
    "priceEarningsRatio": 13.63636,
    "priceToCash": 10.9919,
    "foreignExempt": false,
    "shareDescription": "Ordinary Fully Paid",
    "numOfShares": 40534169,
    "yieldAnnual": 0,
    "incomeStatement": [
      {
        "revenue": 3612670,
        "netIncome": 204950,
        "period": "2022A",
        "fPeriodEndDate": 44742,
        "curCode": "AUD"
      },
      {
        "revenue": 2688490,
        "netIncome": -597050,
        "period": "2021A",
        "fPeriodEndDate": 44377,
        "curCode": "AUD"
      },
      {
        "revenue": 4083480,
        "netIncome": 746680,
        "period": "2020A",
        "fPeriodEndDate": 44012,
        "curCode": "AUD"
      },
      {
        "revenue": 6318870,
        "netIncome": 543390,
        "period": "2019A",
        "fPeriodEndDate": 43646,
        "curCode": "AUD"
      }
    ]
  },
  {
    "symbol": "MP1",
    "displayName": "MEGAPORT LIMITED",
    "industry": "Software & Services",
    "dateListed": "2015-12-17",
    "marketCap": 1217871386,
    "xid": "320739662",
    "priceChangeFiveDayPercent": 1.5503875968992262,
    "isRecentListing": false,
    "priceAsk": 7.92,
    "priceBid": 7.79,
    "priceChange": 0.16000000000000014,
    "priceChangePercent": 2.0779220779220795,
    "priceLast": 7.86,
    "sector": "Information Technology",
    "industryGroup": "Software & Services",
    "securityType": 1,
    "volume": 903907,
    "statusCode": "",
    "isin": "AU000000MP15",
    "priceClose": 7.7,
    "priceDayHigh": 7.92,
    "priceDayLow": 7.32,
    "priceFiftyTwoWeekHigh": 22,
    "priceFiftyTwoWeekLow": 4.7,
    "volumeAverage": 1483158.184783,
    "cashFlow": -35.879,
    "earningsPerShare": -0.30727,
    "freeCashFlowYield": -0.0000100000010000001,
    "priceEarningsRatio": -99999.99,
    "priceToCash": -99999.99,
    "foreignExempt": false,
    "shareDescription": "Ordinary Fully Paid",
    "numOfShares": 158165115,
    "yieldAnnual": 0,
    "incomeStatement": [
      {
        "revenue": 109731000,
        "netIncome": -48495000,
        "period": "2022A",
        "fPeriodEndDate": 44742,
        "curCode": "AUD"
      },
      {
        "revenue": 78281000,
        "netIncome": -55000000,
        "period": "2021A",
        "fPeriodEndDate": 44377,
        "curCode": "AUD"
      },
      {
        "revenue": 58040000,
        "netIncome": -48711000,
        "period": "2020A",
        "fPeriodEndDate": 44012,
        "curCode": "AUD"
      },
      {
        "revenue": 35065000,
        "netIncome": -33564000,
        "period": "2019A",
        "fPeriodEndDate": 43646,
        "curCode": "AUD"
      }
    ]
  },
  {
    "symbol": "MOQ",
    "displayName": "MOQ LIMITED",
    "industry": "Software & Services",
    "dateListed": "2000-12-19",
    "marketCap": 22653811,
    "xid": "254084",
    "priceChangeFiveDayPercent": -2.666666666666669,
    "isRecentListing": false,
    "priceAsk": 0.075,
    "priceBid": 0.073,
    "priceChange": 0,
    "priceChangePercent": 0,
    "priceLast": 0.073,
    "sector": "Information Technology",
    "industryGroup": "Software & Services",
    "securityType": 1,
    "volume": 0,
    "statusCode": "",
    "isin": "AU000000MOQ5",
    "priceClose": 0.073,
    "priceFiftyTwoWeekHigh": 0.16943,
    "priceFiftyTwoWeekLow": 0.046,
    "volumeAverage": 949745.347826,
    "cashFlow": -5.51969,
    "earningsPerShare": -0.02794,
    "freeCashFlowYield": -0.0000100000010000001,
    "priceEarningsRatio": -99999.99,
    "priceToCash": -99999.99,
    "foreignExempt": false,
    "shareDescription": "Ordinary Fully Paid",
    "numOfShares": 310326182,
    "yieldAnnual": 0,
    "incomeStatement": [
      {
        "revenue": 81926720,
        "netIncome": -4870240,
        "period": "2022A",
        "fPeriodEndDate": 44742,
        "curCode": "AUD"
      },
      {
        "revenue": 69809010,
        "netIncome": -1010650,
        "period": "2021A",
        "fPeriodEndDate": 44377,
        "curCode": "AUD"
      },
      {
        "revenue": 65195630,
        "netIncome": -14490520,
        "period": "2020A",
        "fPeriodEndDate": 44012,
        "curCode": "AUD"
      },
      {
        "revenue": 67929660,
        "netIncome": 2288020,
        "period": "2019A",
        "fPeriodEndDate": 43646,
        "curCode": "AUD"
      }
    ]
  },
  {
    "symbol": "MSL",
    "displayName": "MSL SOLUTIONS LIMITED.",
    "industry": "Software & Services",
    "dateListed": "2017-05-04",
    "marketCap": 55216638,
    "xid": "408128413",
    "priceChangeFiveDayPercent": -8.823529411764714,
    "isRecentListing": false,
    "priceAsk": 0.155,
    "priceBid": 0.145,
    "priceChange": 0.0050000000000000044,
    "priceChangePercent": 3.3333333333333366,
    "priceLast": 0.155,
    "sector": "Information Technology",
    "industryGroup": "Software & Services",
    "securityType": 1,
    "volume": 12800,
    "statusCode": "",
    "isin": "AU0000089906",
    "priceClose": 0.15,
    "priceDayHigh": 0.155,
    "priceDayLow": 0.155,
    "priceFiftyTwoWeekHigh": 0.285,
    "priceFiftyTwoWeekLow": 0.125,
    "volumeAverage": 195847.385714,
    "cashFlow": 3.105,
    "earningsPerShare": 0.00146,
    "freeCashFlowYield": 0.11487479222021958,
    "priceEarningsRatio": 102.7397,
    "priceToCash": 8.70513,
    "foreignExempt": false,
    "shareDescription": "Ordinary Fully Paid",
    "numOfShares": 368110922,
    "yieldAnnual": 0,
    "incomeStatement": [
      {
        "revenue": 33931000,
        "netIncome": 816000,
        "period": "2022A",
        "fPeriodEndDate": 44742,
        "curCode": "AUD"
      },
      {
        "revenue": 24666000,
        "netIncome": 886000,
        "period": "2021A",
        "fPeriodEndDate": 44377,
        "curCode": "AUD"
      },
      {
        "revenue": 25058000,
        "netIncome": -16402000,
        "period": "2020A",
        "fPeriodEndDate": 44012,
        "curCode": "AUD"
      },
      {
        "revenue": 27769000,
        "netIncome": -17942000,
        "period": "2019A",
        "fPeriodEndDate": 43646,
        "curCode": "AUD"
      }
    ]
  },
  {
    "symbol": "NEA",
    "displayName": "NEARMAP LTD",
    "industry": "Software & Services",
    "dateListed": "2000-12-07",
    "marketCap": 998091172,
    "xid": "237990",
    "priceChangeFiveDayPercent": 0.2531645569620199,
    "isRecentListing": false,
    "priceAsk": 2,
    "priceBid": 1.98,
    "priceChange": -0.015000000000000124,
    "priceChangePercent": -0.7518796992481265,
    "priceLast": 1.98,
    "sector": "Information Technology",
    "industryGroup": "Software & Services",
    "securityType": 1,
    "volume": 842433,
    "statusCode": "",
    "isin": "AU000000NEA8",
    "priceClose": 1.995,
    "priceDayHigh": 1.995,
    "priceDayLow": 1.96,
    "priceFiftyTwoWeekHigh": 2.32,
    "priceFiftyTwoWeekLow": 0.955,
    "volumeAverage": 2865383.597826,
    "cashFlow": -28.083,
    "earningsPerShare": -0.06197,
    "freeCashFlowYield": 0.01951772482662405,
    "priceEarningsRatio": -99999.99,
    "priceToCash": 51.23548,
    "foreignExempt": false,
    "shareDescription": "Ordinary Fully Paid",
    "numOfShares": 500296327,
    "yieldAnnual": 0,
    "incomeStatement": [
      {
        "revenue": 146455000,
        "netIncome": -30795000,
        "period": "2022A",
        "fPeriodEndDate": 44742,
        "curCode": "AUD"
      },
      {
        "revenue": 114482000,
        "netIncome": -18820000,
        "period": "2021A",
        "fPeriodEndDate": 44377,
        "curCode": "AUD"
      },
      {
        "revenue": 97400000,
        "netIncome": -36717000,
        "period": "2020A",
        "fPeriodEndDate": 44012,
        "curCode": "AUD"
      },
      {
        "revenue": 79216000,
        "netIncome": -14934000,
        "period": "2019A",
        "fPeriodEndDate": 43646,
        "curCode": "AUD"
      }
    ]
  },
  {
    "symbol": "NET",
    "displayName": "NETLINKZ LIMITED",
    "industry": "Software & Services",
    "dateListed": "2011-01-13",
    "marketCap": 72026014,
    "xid": "50674086",
    "priceChangeFiveDayPercent": 31.578947368421066,
    "isRecentListing": false,
    "priceAsk": 0.026000000000000002,
    "priceBid": 0.025,
    "priceChange": 0.0030000000000000027,
    "priceChangePercent": 13.63636363636365,
    "priceLast": 0.025,
    "sector": "Information Technology",
    "industryGroup": "Software & Services",
    "securityType": 1,
    "volume": 3772539,
    "statusCode": "",
    "isin": "AU000000NET8",
    "priceClose": 0.022,
    "priceDayHigh": 0.025,
    "priceDayLow": 0.023,
    "priceFiftyTwoWeekHigh": 0.065,
    "priceFiftyTwoWeekLow": 0.014,
    "volumeAverage": 7266750.978261,
    "cashFlow": -6.36519,
    "earningsPerShare": -0.00259,
    "freeCashFlowYield": -0.0000100000010000001,
    "priceEarningsRatio": -99999.99,
    "priceToCash": -99999.99,
    "foreignExempt": false,
    "shareDescription": "Ordinary Fully Paid",
    "numOfShares": 3273909706,
    "yieldAnnual": 0,
    "incomeStatement": [
      {
        "revenue": 15748270,
        "netIncome": -8410820,
        "period": "2022A",
        "fPeriodEndDate": 44742,
        "curCode": "AUD"
      },
      {
        "revenue": 14524430,
        "netIncome": -23451880,
        "period": "2021A",
        "fPeriodEndDate": 44377,
        "curCode": "AUD"
      },
      {
        "revenue": 5370270,
        "netIncome": -23957950,
        "period": "2020A",
        "fPeriodEndDate": 44012,
        "curCode": "AUD"
      },
      {
        "revenue": 1665440,
        "netIncome": -18509290,
        "period": "2019A",
        "fPeriodEndDate": 43646,
        "curCode": "AUD"
      }
    ]
  },
  {
    "symbol": "NNG",
    "displayName": "NEXION GROUP LTD",
    "industry": "Software & Services",
    "dateListed": "2021-02-18",
    "marketCap": 8993667,
    "xid": "633388646",
    "priceChangeFiveDayPercent": -20.000000000000007,
    "isRecentListing": false,
    "priceAsk": 0.07,
    "priceBid": 0.065,
    "priceChange": -0.014000000000000005,
    "priceChangePercent": -20.000000000000007,
    "priceLast": 0.056,
    "sector": "Information Technology",
    "industryGroup": "Software & Services",
    "securityType": 1,
    "volume": 25397,
    "statusCode": "",
    "isin": "AU0000126468",
    "priceClose": 0.07,
    "priceDayHigh": 0.07,
    "priceDayLow": 0.056,
    "priceFiftyTwoWeekHigh": 0.21,
    "priceFiftyTwoWeekLow": 0.055,
    "volumeAverage": 103259.142857,
    "cashFlow": -3.29994,
    "earningsPerShare": -0.05803,
    "freeCashFlowYield": -0.0000100000010000001,
    "priceEarningsRatio": -99999.99,
    "priceToCash": -99999.99,
    "foreignExempt": false,
    "shareDescription": "Ordinary Fully Paid",
    "numOfShares": 128480961,
    "yieldAnnual": 0,
    "incomeStatement": [
      {
        "revenue": 6747060,
        "netIncome": -7173640,
        "period": "2022A",
        "fPeriodEndDate": 44742,
        "curCode": "AUD"
      },
      {
        "revenue": 2179510,
        "netIncome": -4138950,
        "period": "2021A",
        "fPeriodEndDate": 44377,
        "curCode": "AUD"
      },
      {
        "revenue": 3802840,
        "netIncome": -1227280,
        "period": "2020A",
        "fPeriodEndDate": 44012,
        "curCode": "AUD"
      },
      {
        "revenue": 2306620,
        "netIncome": -1361190,
        "period": "2019A",
        "fPeriodEndDate": 43646,
        "curCode": "AUD"
      }
    ]
  },
  {
    "symbol": "NXT",
    "displayName": "NEXTDC LIMITED",
    "industry": "Software & Services",
    "dateListed": "2010-12-13",
    "marketCap": 3950473558,
    "xid": "27447921",
    "priceChangeFiveDayPercent": -3.047404063205413,
    "isRecentListing": false,
    "priceAsk": 8.620000000000001,
    "priceBid": 8.5,
    "priceChange": -0.030000000000001137,
    "priceChangePercent": -0.34802784222739136,
    "priceLast": 8.59,
    "sector": "Information Technology",
    "industryGroup": "Software & Services",
    "securityType": 1,
    "volume": 2033326,
    "statusCode": "",
    "isin": "AU000000NXT8",
    "priceClose": 8.620000000000001,
    "priceDayHigh": 8.59,
    "priceDayLow": 8.45,
    "priceFiftyTwoWeekHigh": 12.93,
    "priceFiftyTwoWeekLow": 8.45,
    "volumeAverage": 1628418.315217,
    "cashFlow": -464.665,
    "earningsPerShare": 0.01996,
    "freeCashFlowYield": 0.02897981208330653,
    "priceEarningsRatio": 438.3767,
    "priceToCash": 34.50678,
    "foreignExempt": false,
    "shareDescription": "Ordinary Fully Paid",
    "numOfShares": 458291596,
    "yieldAnnual": 0,
    "incomeStatement": [
      {
        "revenue": 292801000,
        "netIncome": 9139000,
        "period": "2022A",
        "fPeriodEndDate": 44742,
        "curCode": "AUD"
      },
      {
        "revenue": 249997000,
        "netIncome": -23631000,
        "period": "2021A",
        "fPeriodEndDate": 44377,
        "curCode": "AUD"
      },
      {
        "revenue": 205225000,
        "netIncome": -45042000,
        "period": "2020A",
        "fPeriodEndDate": 44012,
        "curCode": "AUD"
      },
      {
        "revenue": 179260000,
        "netIncome": -9819000,
        "period": "2019A",
        "fPeriodEndDate": 43646,
        "curCode": "AUD"
      }
    ]
  },
  {
    "symbol": "NTO",
    "displayName": "NITRO SOFTWARE LIMITED",
    "industry": "Software & Services",
    "dateListed": "2019-12-11",
    "marketCap": 392106176,
    "xid": "566131384",
    "priceChangeFiveDayPercent": 2.453987730061352,
    "isRecentListing": false,
    "priceAsk": 1.69,
    "priceBid": 1.585,
    "priceChange": 0.06999999999999984,
    "priceChangePercent": 4.374999999999989,
    "priceLast": 1.67,
    "sector": "Information Technology",
    "industryGroup": "Software & Services",
    "securityType": 1,
    "volume": 201644,
    "statusCode": "",
    "isin": "AU0000067654",
    "priceClose": 1.6,
    "priceDayHigh": 1.69,
    "priceDayLow": 1.6,
    "priceFiftyTwoWeekHigh": 4,
    "priceFiftyTwoWeekLow": 1.075,
    "volumeAverage": 921200.681319,
    "cashFlow": -34.09099,
    "earningsPerShare": -0.21968,
    "freeCashFlowYield": -0.0000100000010000001,
    "priceEarningsRatio": -99999.99,
    "priceToCash": -99999.99,
    "foreignExempt": false,
    "shareDescription": "Ordinary Fully Paid",
    "numOfShares": 245066360,
    "yieldAnnual": 0,
    "incomeStatement": [
      {
        "revenue": 50851000,
        "netIncome": -21683000,
        "period": "2021A",
        "fPeriodEndDate": 44561,
        "curCode": "USD"
      },
      {
        "revenue": 40196000,
        "netIncome": -7540000,
        "period": "2020A",
        "fPeriodEndDate": 44196,
        "curCode": "USD"
      },
      {
        "revenue": 35672000,
        "netIncome": -7931000,
        "period": "2019A",
        "fPeriodEndDate": 43830,
        "curCode": "USD"
      },
      {
        "revenue": 32406450,
        "netIncome": -5518540,
        "period": "2018A",
        "fPeriodEndDate": 43465,
        "curCode": "USD"
      }
    ]
  },
  {
    "symbol": "NOR",
    "displayName": "NORWOOD SYSTEMS LIMITED",
    "industry": "Software & Services",
    "dateListed": "1995-06-27",
    "marketCap": 5780812,
    "xid": "29042928",
    "priceChangeFiveDayPercent": 5.8823529411764754,
    "isRecentListing": false,
    "priceAsk": 0.018000000000000002,
    "priceBid": 0.017,
    "priceChange": 0.0010000000000000009,
    "priceChangePercent": 5.8823529411764754,
    "priceLast": 0.018000000000000002,
    "sector": "Information Technology",
    "industryGroup": "Software & Services",
    "securityType": 1,
    "volume": 222222,
    "statusCode": "",
    "isin": "AU000000NOR1",
    "priceClose": 0.017,
    "priceDayHigh": 0.018000000000000002,
    "priceDayLow": 0.018000000000000002,
    "priceFiftyTwoWeekHigh": 0.021,
    "priceFiftyTwoWeekLow": 0.01,
    "volumeAverage": 309251.942857,
    "cashFlow": -1.09166,
    "earningsPerShare": -0.00379,
    "freeCashFlowYield": -0.0000100000010000001,
    "priceEarningsRatio": -99999.99,
    "priceToCash": -99999.99,
    "foreignExempt": false,
    "shareDescription": "Ordinary Fully Paid",
    "numOfShares": 340047768,
    "yieldAnnual": 0,
    "incomeStatement": [
      {
        "revenue": 1229100,
        "netIncome": -1083470,
        "period": "2022A",
        "fPeriodEndDate": 44742,
        "curCode": "AUD"
      },
      {
        "revenue": 1050840,
        "netIncome": -870660,
        "period": "2021A",
        "fPeriodEndDate": 44377,
        "curCode": "AUD"
      },
      {
        "revenue": 870960,
        "netIncome": -1891230,
        "period": "2020A",
        "fPeriodEndDate": 44012,
        "curCode": "AUD"
      },
      {
        "revenue": 532940,
        "netIncome": -3032360,
        "period": "2019A",
        "fPeriodEndDate": 43646,
        "curCode": "AUD"
      }
    ]
  },
  {
    "symbol": "NOV",
    "displayName": "NOVATTI GROUP LIMITED",
    "industry": "Software & Services",
    "dateListed": "2016-01-18",
    "marketCap": 62257221,
    "xid": "536661134",
    "priceChangeFiveDayPercent": 15.624999999999996,
    "isRecentListing": false,
    "priceAsk": 0.185,
    "priceBid": 0.18,
    "priceChange": 0,
    "priceChangePercent": 0,
    "priceLast": 0.185,
    "sector": "Information Technology",
    "industryGroup": "Software & Services",
    "securityType": 1,
    "volume": 69850,
    "statusCode": "",
    "isin": "AU000000NOV3",
    "priceClose": 0.185,
    "priceDayHigh": 0.185,
    "priceDayLow": 0.18,
    "priceFiftyTwoWeekHigh": 0.47,
    "priceFiftyTwoWeekLow": 0.15,
    "volumeAverage": 369628.988889,
    "cashFlow": -13.505,
    "earningsPerShare": -0.05148,
    "freeCashFlowYield": -0.0000100000010000001,
    "priceEarningsRatio": -99999.99,
    "priceToCash": -99999.99,
    "foreignExempt": false,
    "shareDescription": "Ordinary Fully Paid",
    "numOfShares": 336525521,
    "yieldAnnual": 0,
    "incomeStatement": [
      {
        "revenue": 32555000,
        "netIncome": -16627000,
        "period": "2022A",
        "fPeriodEndDate": 44742,
        "curCode": "AUD"
      },
      {
        "revenue": 16482000,
        "netIncome": -11812000,
        "period": "2021A",
        "fPeriodEndDate": 44377,
        "curCode": "AUD"
      },
      {
        "revenue": 11003670,
        "netIncome": -10960330,
        "period": "2020A",
        "fPeriodEndDate": 44012,
        "curCode": "AUD"
      },
      {
        "revenue": 8426750,
        "netIncome": -4954310,
        "period": "2019A",
        "fPeriodEndDate": 43646,
        "curCode": "AUD"
      }
    ]
  },
  {
    "symbol": "NXL",
    "displayName": "NUIX LIMITED",
    "industry": "Software & Services",
    "dateListed": "2020-12-04",
    "marketCap": 190388876,
    "xid": "629917228",
    "priceChangeFiveDayPercent": 6.837606837606844,
    "isRecentListing": false,
    "priceAsk": 0.635,
    "priceBid": 0.61,
    "priceChange": 0.025000000000000022,
    "priceChangePercent": 4.1666666666666705,
    "priceLast": 0.625,
    "sector": "Information Technology",
    "industryGroup": "Software & Services",
    "securityType": 1,
    "volume": 279640,
    "statusCode": "",
    "isin": "AU0000119307",
    "priceClose": 0.6,
    "priceDayHigh": 0.625,
    "priceDayLow": 0.58,
    "priceFiftyTwoWeekHigh": 3.33,
    "priceFiftyTwoWeekLow": 0.52,
    "volumeAverage": 1190553.956522,
    "cashFlow": -14.626,
    "earningsPerShare": -0.07182,
    "freeCashFlowYield": 0.07135650136219562,
    "priceEarningsRatio": -99999.99,
    "priceToCash": 14.01414,
    "foreignExempt": false,
    "shareDescription": "Ordinary Fully Paid",
    "numOfShares": 317314794,
    "yieldAnnual": 0,
    "incomeStatement": [
      {
        "revenue": 152310000,
        "netIncome": -22791000,
        "period": "2022A",
        "fPeriodEndDate": 44742,
        "curCode": "AUD"
      },
      {
        "revenue": 176068000,
        "netIncome": -1406000,
        "period": "2021A",
        "fPeriodEndDate": 44377,
        "curCode": "AUD"
      },
      {
        "revenue": 175858890,
        "netIncome": 23587670,
        "period": "2020A",
        "fPeriodEndDate": 44012,
        "curCode": "AUD"
      },
      {
        "revenue": 139633200,
        "netIncome": 7441820,
        "period": "2019A",
        "fPeriodEndDate": 43646,
        "curCode": "AUD"
      }
    ]
  },
  {
    "symbol": "OAK",
    "displayName": "OAKRIDGE INTERNATIONAL LIMITED",
    "industry": "Software & Services",
    "dateListed": "2007-06-22",
    "marketCap": 2321417,
    "xid": "7486254",
    "priceChangeFiveDayPercent": 0,
    "isRecentListing": false,
    "priceAsk": 0.125,
    "priceBid": 0.105,
    "priceChange": 0,
    "priceChangePercent": 0,
    "priceLast": 0.135,
    "sector": "Information Technology",
    "industryGroup": "Software & Services",
    "securityType": 1,
    "volume": 0,
    "statusCode": "RE",
    "isin": "AU0000146961",
    "priceClose": 0.135,
    "priceFiftyTwoWeekHigh": 0.4,
    "priceFiftyTwoWeekLow": 0.05,
    "volumeAverage": 11586.384615,
    "cashFlow": -0.6308,
    "earningsPerShare": -0.03066,
    "freeCashFlowYield": -0.0000100000010000001,
    "priceEarningsRatio": -99999.99,
    "priceToCash": -99999.99,
    "foreignExempt": false,
    "shareDescription": "Ordinary Fully Paid",
    "numOfShares": 17195679,
    "yieldAnnual": 0,
    "incomeStatement": [
      {
        "revenue": 502380,
        "netIncome": -531030,
        "period": "2022A",
        "fPeriodEndDate": 44742,
        "curCode": "AUD"
      },
      {
        "revenue": 909380,
        "netIncome": 603220,
        "period": "2021A",
        "fPeriodEndDate": 44377,
        "curCode": "AUD"
      },
      {
        "revenue": 1091770,
        "netIncome": -132760,
        "period": "2020A",
        "fPeriodEndDate": 44012,
        "curCode": "AUD"
      },
      {
        "revenue": 2237350,
        "netIncome": -3783240,
        "period": "2019A",
        "fPeriodEndDate": 43646,
        "curCode": "AUD"
      }
    ]
  },
  {
    "symbol": "OCL",
    "displayName": "OBJECTIVE CORPORATION LIMITED",
    "industry": "Software & Services",
    "dateListed": "2000-08-17",
    "marketCap": 1254126958,
    "xid": "220467",
    "priceChangeFiveDayPercent": -0.662251655629138,
    "isRecentListing": false,
    "priceAsk": 13.69,
    "priceBid": 13,
    "priceChange": 0.29999999999999893,
    "priceChangePercent": 2.2727272727272645,
    "priceLast": 13.5,
    "sector": "Information Technology",
    "industryGroup": "Software & Services",
    "securityType": 1,
    "volume": 40848,
    "statusCode": "",
    "isin": "AU000000OCL7",
    "priceClose": 13.200000000000001,
    "priceDayHigh": 13.69,
    "priceDayLow": 12.85,
    "priceFiftyTwoWeekHigh": 22.105,
    "priceFiftyTwoWeekLow": 12.5,
    "volumeAverage": 55078.521739,
    "dateExDate": "2022-09-13",
    "datePayDate": "2022-09-19",
    "dateRecordDate": "2022-09-14",
    "dividend": 0.06,
    "dividendType": "I",
    "frankingPercent": 0,
    "cashFlow": 20.868,
    "earningsPerShare": 0.2039,
    "freeCashFlowYield": -0.0000100000010000001,
    "priceEarningsRatio": 63.46248,
    "priceToCash": -99999.99,
    "foreignExempt": false,
    "shareDescription": "Ordinary Fully Paid",
    "numOfShares": 95009618,
    "yieldAnnual": 0.3703703703703703,
    "incomeStatement": [
      {
        "revenue": 106505000,
        "netIncome": 19563000,
        "period": "2022A",
        "fPeriodEndDate": 44742,
        "curCode": "AUD"
      },
      {
        "revenue": 95056000,
        "netIncome": 16086000,
        "period": "2021A",
        "fPeriodEndDate": 44377,
        "curCode": "AUD"
      },
      {
        "revenue": 70040000,
        "netIncome": 11025000,
        "period": "2020A",
        "fPeriodEndDate": 44012,
        "curCode": "AUD"
      },
      {
        "revenue": 62060000,
        "netIncome": 9050000,
        "period": "2019A",
        "fPeriodEndDate": 43646,
        "curCode": "AUD"
      }
    ]
  },
  {
    "symbol": "OLL",
    "displayName": "OPENLEARNING LIMITED",
    "industry": "Software & Services",
    "dateListed": "2019-12-12",
    "marketCap": 8644289,
    "xid": "566256296",
    "priceChangeFiveDayPercent": 21.428571428571434,
    "isRecentListing": false,
    "priceAsk": 0.039,
    "priceBid": 0.034,
    "priceChange": -0.0020000000000000018,
    "priceChangePercent": -5.55555555555556,
    "priceLast": 0.034,
    "sector": "Information Technology",
    "industryGroup": "Software & Services",
    "securityType": 1,
    "volume": 290000,
    "statusCode": "CE",
    "isin": "AU0000065401",
    "priceClose": 0.036000000000000004,
    "priceDayHigh": 0.035,
    "priceDayLow": 0.034,
    "priceFiftyTwoWeekHigh": 0.11466,
    "priceFiftyTwoWeekLow": 0.021,
    "volumeAverage": 410050.768116,
    "cashFlow": -7.35777,
    "earningsPerShare": -0.03652,
    "freeCashFlowYield": -0.0000100000010000001,
    "priceEarningsRatio": -99999.99,
    "priceToCash": -99999.99,
    "foreignExempt": false,
    "shareDescription": "Ordinary Fully Paid",
    "numOfShares": 240119149,
    "yieldAnnual": 0,
    "incomeStatement": [
      {
        "revenue": 3507540,
        "netIncome": -6726080,
        "period": "2021A",
        "fPeriodEndDate": 44561,
        "curCode": "AUD"
      },
      {
        "revenue": 1888640,
        "netIncome": -5624270,
        "period": "2020A",
        "fPeriodEndDate": 44196,
        "curCode": "AUD"
      },
      {
        "revenue": 1602610,
        "netIncome": -7719950,
        "period": "2019A",
        "fPeriodEndDate": 43830,
        "curCode": "AUD"
      },
      {
        "revenue": 1764000,
        "netIncome": -4375000,
        "period": "2018A",
        "fPeriodEndDate": 43465,
        "curCode": "AUD"
      }
    ]
  },
  {
    "symbol": "OPL",
    "displayName": "OPYL LIMITED",
    "industry": "Software & Services",
    "dateListed": "1996-03-07",
    "marketCap": 2719269,
    "xid": "203972",
    "priceChangeFiveDayPercent": 0,
    "isRecentListing": false,
    "priceAsk": 0.05,
    "priceBid": 0.045,
    "priceChange": 0,
    "priceChangePercent": 0,
    "priceLast": 0.05,
    "sector": "Information Technology",
    "industryGroup": "Software & Services",
    "securityType": 1,
    "volume": 8,
    "statusCode": "",
    "isin": "AU0000070856",
    "priceClose": 0.05,
    "priceDayHigh": 0.05,
    "priceDayLow": 0.05,
    "priceFiftyTwoWeekHigh": 0.16,
    "priceFiftyTwoWeekLow": 0.0345,
    "volumeAverage": 121566.90566,
    "cashFlow": -1.53,
    "earningsPerShare": -0.03832,
    "freeCashFlowYield": -0.0000100000010000001,
    "priceEarningsRatio": -99999.99,
    "priceToCash": -99999.99,
    "foreignExempt": false,
    "shareDescription": "Ordinary Fully Paid",
    "numOfShares": 54385385,
    "yieldAnnual": 0,
    "incomeStatement": [
      {
        "revenue": 902410,
        "netIncome": -2085550,
        "period": "2022A",
        "fPeriodEndDate": 44742,
        "curCode": "AUD"
      },
      {
        "revenue": 767770,
        "netIncome": -1143430,
        "period": "2021A",
        "fPeriodEndDate": 44377,
        "curCode": "AUD"
      },
      {
        "revenue": 626040,
        "netIncome": -925850,
        "period": "2020A",
        "fPeriodEndDate": 44012,
        "curCode": "AUD"
      },
      {
        "revenue": 932620,
        "netIncome": -3105140,
        "period": "2019A",
        "fPeriodEndDate": 43646,
        "curCode": "AUD"
      }
    ]
  },
  {
    "symbol": "ODA",
    "displayName": "ORCODA LIMITED",
    "industry": "Software & Services",
    "dateListed": "1986-09-15",
    "marketCap": 10323543,
    "xid": "255621",
    "priceChangeFiveDayPercent": 11.864406779661028,
    "isRecentListing": false,
    "priceAsk": 0.065,
    "priceBid": 0.054,
    "priceChange": 0.0010000000000000009,
    "priceChangePercent": 1.5384615384615399,
    "priceLast": 0.066,
    "sector": "Information Technology",
    "industryGroup": "Software & Services",
    "securityType": 1,
    "volume": 12000,
    "statusCode": "",
    "isin": "AU0000022261",
    "priceClose": 0.065,
    "priceDayHigh": 0.066,
    "priceDayLow": 0.066,
    "priceFiftyTwoWeekHigh": 0.215,
    "priceFiftyTwoWeekLow": 0.054,
    "volumeAverage": 436238.328358,
    "cashFlow": 0.49803,
    "earningsPerShare": 0.00128,
    "freeCashFlowYield": 0.08447758218401584,
    "priceEarningsRatio": 47.65625,
    "priceToCash": 11.83746,
    "foreignExempt": false,
    "shareDescription": "Ordinary Fully Paid",
    "numOfShares": 158823736,
    "yieldAnnual": 0,
    "incomeStatement": [
      {
        "revenue": 16488200,
        "netIncome": -401760,
        "period": "2022A",
        "fPeriodEndDate": 44742,
        "curCode": "AUD"
      },
      {
        "revenue": 8262890,
        "netIncome": 440010,
        "period": "2021A",
        "fPeriodEndDate": 44377,
        "curCode": "AUD"
      },
      {
        "revenue": 1701760,
        "netIncome": -6873870,
        "period": "2020A",
        "fPeriodEndDate": 44012,
        "curCode": "AUD"
      },
      {
        "revenue": 2012020,
        "netIncome": -535680,
        "period": "2019A",
        "fPeriodEndDate": 43646,
        "curCode": "AUD"
      }
    ]
  },
  {
    "symbol": "PYG",
    "displayName": "PAYGROUP LIMITED",
    "industry": "Software & Services",
    "dateListed": "2018-05-29",
    "marketCap": 119048077,
    "xid": "457740865",
    "priceChangeFiveDayPercent": 0,
    "isRecentListing": false,
    "priceAsk": 0.99,
    "priceBid": 0.985,
    "priceChange": 0,
    "priceChangePercent": 0,
    "priceLast": 0.985,
    "sector": "Information Technology",
    "industryGroup": "Software & Services",
    "securityType": 1,
    "volume": 7710,
    "statusCode": "",
    "isin": "AU0000002743",
    "priceClose": 0.985,
    "priceDayHigh": 0.9875,
    "priceDayLow": 0.985,
    "priceFiftyTwoWeekHigh": 0.995,
    "priceFiftyTwoWeekLow": 0.33,
    "volumeAverage": 693754.130435,
    "dateExDate": "2018-07-09",
    "datePayDate": "2018-07-30",
    "dateRecordDate": "2018-07-10",
    "dividend": 0.0145,
    "dividendType": "F",
    "frankingPercent": 0,
    "cashFlow": -3.43337,
    "earningsPerShare": -0.00318,
    "freeCashFlowYield": 0.014561596207228408,
    "priceEarningsRatio": -99999.99,
    "priceToCash": 68.67379,
    "foreignExempt": false,
    "shareDescription": "Ordinary Fully Paid",
    "numOfShares": 120860992,
    "yieldAnnual": 0,
    "incomeStatement": [
      {
        "revenue": 26271260,
        "netIncome": -357800,
        "period": "2022A",
        "fPeriodEndDate": 44651,
        "curCode": "AUD"
      },
      {
        "revenue": 15652430,
        "netIncome": -510700,
        "period": "2021A",
        "fPeriodEndDate": 44286,
        "curCode": "AUD"
      },
      {
        "revenue": 10083570,
        "netIncome": -2074010,
        "period": "2020A",
        "fPeriodEndDate": 43921,
        "curCode": "AUD"
      },
      {
        "revenue": 4749190,
        "netIncome": -1599250,
        "period": "2019A",
        "fPeriodEndDate": 43555,
        "curCode": "AUD"
      }
    ]
  },
  {
    "symbol": "PIL",
    "displayName": "PEPPERMINT INNOVATION LIMITED",
    "industry": "Software & Services",
    "dateListed": "2008-05-29",
    "marketCap": 26492139,
    "xid": "11193898",
    "priceChangeFiveDayPercent": 8.333333333333341,
    "isRecentListing": false,
    "priceAsk": 0.014,
    "priceBid": 0.015,
    "priceChange": 0,
    "priceChangePercent": 0,
    "priceLast": 0.013000000000000001,
    "sector": "Information Technology",
    "industryGroup": "Software & Services",
    "securityType": 1,
    "volume": 0,
    "statusCode": "",
    "isin": "AU000000PIL1",
    "priceClose": 0.013000000000000001,
    "priceFiftyTwoWeekHigh": 0.025,
    "priceFiftyTwoWeekLow": 0.008,
    "volumeAverage": 5932414.488889,
    "cashFlow": -3.03476,
    "earningsPerShare": -0.00192,
    "freeCashFlowYield": -0.0000100000010000001,
    "priceEarningsRatio": -99999.99,
    "priceToCash": -99999.99,
    "foreignExempt": false,
    "shareDescription": "Ordinary Fully Paid",
    "numOfShares": 2037856836,
    "yieldAnnual": 0,
    "incomeStatement": [
      {
        "revenue": 1312760,
        "netIncome": -3593840,
        "period": "2022A",
        "fPeriodEndDate": 44742,
        "curCode": "AUD"
      },
      {
        "revenue": 1938360,
        "netIncome": -2833210,
        "period": "2021A",
        "fPeriodEndDate": 44377,
        "curCode": "AUD"
      },
      {
        "revenue": 2790980,
        "netIncome": -1691500,
        "period": "2020A",
        "fPeriodEndDate": 44012,
        "curCode": "AUD"
      },
      {
        "revenue": 681330,
        "netIncome": -2142790,
        "period": "2019A",
        "fPeriodEndDate": 43646,
        "curCode": "AUD"
      }
    ]
  },
  {
    "symbol": "PX1",
    "displayName": "PLEXURE GROUP LIMITED",
    "industry": "Software & Services",
    "dateListed": "2020-11-25",
    "marketCap": 101118517,
    "xid": "629147040",
    "priceChangeFiveDayPercent": 1.9477596923248362e-14,
    "isRecentListing": false,
    "priceAsk": 0.31,
    "priceBid": 0.27,
    "priceChange": 0,
    "priceChangePercent": 0,
    "priceLast": 0.28500000000000003,
    "sector": "Information Technology",
    "industryGroup": "Software & Services",
    "securityType": null,
    "volume": 14947,
    "statusCode": "",
    "isin": "NZSMRE0001S6",
    "priceClose": 0.28500000000000003,
    "priceDayHigh": 0.3,
    "priceDayLow": 0.28500000000000003,
    "priceFiftyTwoWeekHigh": 0.565,
    "priceFiftyTwoWeekLow": 0.125,
    "volumeAverage": 64841.861538,
    "cashFlow": -19.467,
    "earningsPerShare": -0.09301,
    "freeCashFlowYield": -0.0000100000010000001,
    "priceEarningsRatio": -99999.99,
    "priceToCash": -99999.99,
    "foreignExempt": false,
    "shareDescription": "Ordinary Fully Paid",
    "numOfShares": 354801813,
    "yieldAnnual": 0,
    "incomeStatement": []
  },
  {
    "symbol": "3DP",
    "displayName": "POINTERRA LIMITED",
    "industry": "Software & Services",
    "dateListed": "2008-03-27",
    "marketCap": 135561241,
    "xid": "10437143",
    "priceChangeFiveDayPercent": -2.564102564102566,
    "isRecentListing": false,
    "priceAsk": 0.2,
    "priceBid": 0.19,
    "priceChange": -0.010000000000000009,
    "priceChangePercent": -5.000000000000004,
    "priceLast": 0.19,
    "sector": "Information Technology",
    "industryGroup": "Software & Services",
    "securityType": 1,
    "volume": 107835,
    "statusCode": "",
    "isin": "AU0000003DP6",
    "priceClose": 0.2,
    "priceDayHigh": 0.2,
    "priceDayLow": 0.19,
    "priceFiftyTwoWeekHigh": 0.46,
    "priceFiftyTwoWeekLow": 0.17,
    "volumeAverage": 330345.565217,
    "cashFlow": -1.70299,
    "earningsPerShare": -0.00395,
    "freeCashFlowYield": -0.0000100000010000001,
    "priceEarningsRatio": -99999.99,
    "priceToCash": -99999.99,
    "foreignExempt": false,
    "shareDescription": "Ordinary Fully Paid",
    "numOfShares": 677806204,
    "yieldAnnual": 0,
    "incomeStatement": [
      {
        "revenue": 9801580,
        "netIncome": -2673600,
        "period": "2022A",
        "fPeriodEndDate": 44742,
        "curCode": "AUD"
      },
      {
        "revenue": 3984750,
        "netIncome": -1509330,
        "period": "2021A",
        "fPeriodEndDate": 44377,
        "curCode": "AUD"
      },
      {
        "revenue": 1229500,
        "netIncome": -2525450,
        "period": "2020A",
        "fPeriodEndDate": 44012,
        "curCode": "AUD"
      },
      {
        "revenue": 462590,
        "netIncome": -1907040,
        "period": "2019A",
        "fPeriodEndDate": 43646,
        "curCode": "AUD"
      }
    ]
  },
  {
    "symbol": "PPS",
    "displayName": "PRAEMIUM LIMITED",
    "industry": "Software & Services",
    "dateListed": "2006-05-11",
    "marketCap": 358475468,
    "xid": "4718237",
    "priceChangeFiveDayPercent": 0.7092198581560291,
    "isRecentListing": false,
    "priceAsk": 0.71,
    "priceBid": 0.7000000000000001,
    "priceChange": 0.014999999999999902,
    "priceChangePercent": 2.1582733812949497,
    "priceLast": 0.71,
    "sector": "Information Technology",
    "industryGroup": "Software & Services",
    "securityType": 1,
    "volume": 770608,
    "upcomingEventName": "2022 Annual General Meeting",
    "statusCode": "",
    "isin": "AU000000PPS1",
    "priceClose": 0.6950000000000001,
    "priceDayHigh": 0.715,
    "priceDayLow": 0.68,
    "priceFiftyTwoWeekHigh": 1.61,
    "priceFiftyTwoWeekLow": 0.445,
    "volumeAverage": 1455848.793478,
    "dateExDate": "2022-07-25",
    "datePayDate": "2022-08-10",
    "dateRecordDate": "2022-07-26",
    "dividend": 0.05,
    "dividendType": "I",
    "frankingPercent": 100,
    "cashFlow": 3.69998,
    "earningsPerShare": 0.00776,
    "freeCashFlowYield": 0.03191967477681764,
    "priceEarningsRatio": 88.91753,
    "priceToCash": 31.32864,
    "foreignExempt": false,
    "shareDescription": "Ordinary Fully Paid",
    "numOfShares": 515792040,
    "yieldAnnual": 0,
    "incomeStatement": [
      {
        "revenue": 63335430,
        "netIncome": 43574690,
        "period": "2022A",
        "fPeriodEndDate": 44742,
        "curCode": "AUD"
      },
      {
        "revenue": 52882690,
        "netIncome": 1342740,
        "period": "2021A",
        "fPeriodEndDate": 44377,
        "curCode": "AUD"
      },
      {
        "revenue": 50166500,
        "netIncome": 4863370,
        "period": "2020A",
        "fPeriodEndDate": 44012,
        "curCode": "AUD"
      },
      {
        "revenue": 44141090,
        "netIncome": 2549880,
        "period": "2019A",
        "fPeriodEndDate": 43646,
        "curCode": "AUD"
      }
    ]
  },
  {
    "symbol": "PRO",
    "displayName": "PROPHECY INTERNATIONAL HOLDINGS LIMITED",
    "industry": "Software & Services",
    "dateListed": "1998-04-22",
    "marketCap": 57768883,
    "xid": "233802",
    "priceChangeFiveDayPercent": -4.878048780487796,
    "isRecentListing": false,
    "priceAsk": 0.835,
    "priceBid": 0.78,
    "priceChange": -0.0050000000000000044,
    "priceChangePercent": -0.6369426751592362,
    "priceLast": 0.78,
    "sector": "Information Technology",
    "industryGroup": "Software & Services",
    "securityType": 1,
    "volume": 31813,
    "statusCode": "",
    "isin": "AU000000PRO6",
    "priceClose": 0.785,
    "priceDayHigh": 0.795,
    "priceDayLow": 0.78,
    "priceFiftyTwoWeekHigh": 1.72,
    "priceFiftyTwoWeekLow": 0.74,
    "volumeAverage": 42311.74026,
    "dateExDate": "2020-03-04",
    "datePayDate": "2020-03-31",
    "dateRecordDate": "2020-03-05",
    "dividend": 0.005,
    "dividendType": "I",
    "frankingPercent": 0,
    "cashFlow": 2.84194,
    "earningsPerShare": -0.02443,
    "freeCashFlowYield": 0.00032850507523915994,
    "priceEarningsRatio": -99999.99,
    "priceToCash": 3044.093,
    "foreignExempt": false,
    "shareDescription": "Ordinary Fully Paid",
    "numOfShares": 73590934,
    "yieldAnnual": 0,
    "incomeStatement": [
      {
        "revenue": 16431200,
        "netIncome": -1714160,
        "period": "2022A",
        "fPeriodEndDate": 44742,
        "curCode": "AUD"
      },
      {
        "revenue": 12840730,
        "netIncome": -1974490,
        "period": "2021A",
        "fPeriodEndDate": 44377,
        "curCode": "AUD"
      },
      {
        "revenue": 13594440,
        "netIncome": -5504700,
        "period": "2020A",
        "fPeriodEndDate": 44012,
        "curCode": "AUD"
      },
      {
        "revenue": 12113980,
        "netIncome": -1398950,
        "period": "2019A",
        "fPeriodEndDate": 43646,
        "curCode": "AUD"
      }
    ]
  },
  {
    "symbol": "PTG",
    "displayName": "PROPTECH GROUP LIMITED",
    "industry": "Software & Services",
    "dateListed": "2015-12-10",
    "marketCap": 36197381,
    "xid": "319872731",
    "priceChangeFiveDayPercent": -12.962962962962964,
    "isRecentListing": false,
    "priceAsk": 0.23500000000000001,
    "priceBid": 0.23,
    "priceChange": -0.004999999999999977,
    "priceChangePercent": -2.0833333333333237,
    "priceLast": 0.23500000000000001,
    "sector": "Information Technology",
    "industryGroup": "Software & Services",
    "securityType": 1,
    "volume": 29139,
    "statusCode": "",
    "isin": "AU0000117814",
    "priceClose": 0.24,
    "priceDayHigh": 0.24,
    "priceDayLow": 0.23,
    "priceFiftyTwoWeekHigh": 0.69,
    "priceFiftyTwoWeekLow": 0.21,
    "volumeAverage": 189110.647059,
    "cashFlow": 0.19219,
    "earningsPerShare": -0.01749,
    "freeCashFlowYield": 0.022925095460097498,
    "priceEarningsRatio": -99999.99,
    "priceToCash": 43.62032,
    "foreignExempt": false,
    "shareDescription": "Ordinary Fully Paid",
    "numOfShares": 150822420,
    "yieldAnnual": 0,
    "incomeStatement": [
      {
        "revenue": 19898640,
        "netIncome": -2624940,
        "period": "2022A",
        "fPeriodEndDate": 44742,
        "curCode": "AUD"
      },
      {
        "revenue": 11175430,
        "netIncome": -1020140,
        "period": "2021A",
        "fPeriodEndDate": 44377,
        "curCode": "AUD"
      },
      {
        "revenue": 1189190,
        "netIncome": -1102030,
        "period": "2020A",
        "fPeriodEndDate": 44012,
        "curCode": "AUD"
      },
      {
        "revenue": 1086800,
        "netIncome": -1148100,
        "period": "2019A",
        "fPeriodEndDate": 43646,
        "curCode": "AUD"
      }
    ]
  },
  {
    "symbol": "PPH",
    "displayName": "PUSHPAY HOLDINGS LIMITED",
    "industry": "Software & Services",
    "dateListed": "2016-10-12",
    "marketCap": 1152556016,
    "xid": "366809653",
    "priceChangeFiveDayPercent": -1.408450704225343,
    "isRecentListing": false,
    "priceAsk": 1.05,
    "priceBid": 1.01,
    "priceChange": 0.040000000000000036,
    "priceChangePercent": 3.960396039603964,
    "priceLast": 1.05,
    "sector": "Information Technology",
    "industryGroup": "Software & Services",
    "securityType": 1,
    "volume": 143132,
    "upcomingEventName": "Pushpay 2023 Interim Results Release",
    "statusCode": "",
    "isin": "NZPPHE0001S6",
    "priceClose": 1.01,
    "priceDayHigh": 1.05,
    "priceDayLow": 1.0150000000000001,
    "priceFiftyTwoWeekHigh": 1.8475,
    "priceFiftyTwoWeekLow": 0.8175,
    "volumeAverage": 431417.065217,
    "cashFlow": 109.3549,
    "earningsPerShare": 0.05306,
    "freeCashFlowYield": 0.05926807483661274,
    "priceEarningsRatio": 21.67221,
    "priceToCash": 16.87249,
    "foreignExempt": true,
    "shareDescription": "Ordinary Fully Paid Foreign Exempt Nzx",
    "numOfShares": 1141144570,
    "yieldAnnual": 0,
    "incomeStatement": [
      {
        "revenue": 198819000,
        "netIncome": 33403000,
        "period": "2022A",
        "fPeriodEndDate": 44651,
        "curCode": "USD"
      },
      {
        "revenue": 178220000,
        "netIncome": 31182000,
        "period": "2021A",
        "fPeriodEndDate": 44286,
        "curCode": "USD"
      },
      {
        "revenue": 127467000,
        "netIncome": 16001000,
        "period": "2020A",
        "fPeriodEndDate": 43921,
        "curCode": "USD"
      },
      {
        "revenue": 95907000,
        "netIncome": 18827000,
        "period": "2019A",
        "fPeriodEndDate": 43555,
        "curCode": "USD"
      }
    ]
  },
  {
    "symbol": "RCL",
    "displayName": "READCLOUD LIMITED",
    "industry": "Software & Services",
    "dateListed": "2018-02-07",
    "marketCap": 17964738,
    "xid": "449562589",
    "priceChangeFiveDayPercent": 6.666666666666673,
    "isRecentListing": false,
    "priceAsk": 0.16,
    "priceBid": 0.15,
    "priceChange": 0.010000000000000009,
    "priceChangePercent": 6.666666666666673,
    "priceLast": 0.16,
    "sector": "Information Technology",
    "industryGroup": "Software & Services",
    "securityType": 1,
    "volume": 414052,
    "statusCode": "",
    "isin": "AU000000RCL0",
    "priceClose": 0.15,
    "priceDayHigh": 0.18,
    "priceDayLow": 0.16,
    "priceFiftyTwoWeekHigh": 0.28,
    "priceFiftyTwoWeekLow": 0.125,
    "volumeAverage": 124424.611111,
    "cashFlow": -99999.99,
    "earningsPerShare": -99999.99,
    "freeCashFlowYield": -0.0000100000010000001,
    "priceEarningsRatio": -99999.99,
    "priceToCash": -99999.99,
    "foreignExempt": false,
    "shareDescription": "Ordinary Fully Paid",
    "numOfShares": 119764921,
    "yieldAnnual": 0,
    "incomeStatement": [
      {
        "revenue": 7291000,
        "netIncome": -1151370,
        "period": "2021A",
        "fPeriodEndDate": 44377,
        "curCode": "AUD"
      },
      {
        "revenue": 7066210,
        "netIncome": -981980,
        "period": "2020A",
        "fPeriodEndDate": 44012,
        "curCode": "AUD"
      },
      {
        "revenue": 4390650,
        "netIncome": -1630420,
        "period": "2019A",
        "fPeriodEndDate": 43646,
        "curCode": "AUD"
      },
      {
        "revenue": 1808140,
        "netIncome": -1285860,
        "period": "2018A",
        "fPeriodEndDate": 43281,
        "curCode": "AUD"
      }
    ]
  },
  {
    "symbol": "RDY",
    "displayName": "READYTECH HOLDINGS LIMITED",
    "industry": "Software & Services",
    "dateListed": "2019-04-17",
    "marketCap": 333451400,
    "xid": "525964373",
    "priceChangeFiveDayPercent": 0.6779661016949158,
    "isRecentListing": false,
    "priceAsk": 3,
    "priceBid": 2.87,
    "priceChange": 0.050000000000000266,
    "priceChangePercent": 1.7123287671232967,
    "priceLast": 2.97,
    "sector": "Information Technology",
    "industryGroup": "Software & Services",
    "securityType": 1,
    "volume": 11036,
    "statusCode": "",
    "isin": "AU0000043002",
    "priceClose": 2.92,
    "priceDayHigh": 2.97,
    "priceDayLow": 2.8000000000000003,
    "priceFiftyTwoWeekHigh": 4.3,
    "priceFiftyTwoWeekLow": 2.5,
    "volumeAverage": 112114.054348,
    "cashFlow": 4.39,
    "earningsPerShare": 0.08269,
    "freeCashFlowYield": 0.06906778519642534,
    "priceEarningsRatio": 35.07075,
    "priceToCash": 14.47853,
    "foreignExempt": false,
    "shareDescription": "Ordinary Fully Paid",
    "numOfShares": 114195685,
    "yieldAnnual": 0,
    "incomeStatement": [
      {
        "revenue": 78284000,
        "netIncome": 8794000,
        "period": "2022A",
        "fPeriodEndDate": 44742,
        "curCode": "AUD"
      },
      {
        "revenue": 50027000,
        "netIncome": 2155000,
        "period": "2021A",
        "fPeriodEndDate": 44377,
        "curCode": "AUD"
      },
      {
        "revenue": 39254000,
        "netIncome": 3943000,
        "period": "2020A",
        "fPeriodEndDate": 44012,
        "curCode": "AUD"
      },
      {
        "revenue": 32711000,
        "netIncome": -1490000,
        "period": "2019A",
        "fPeriodEndDate": 43646,
        "curCode": "AUD"
      }
    ]
  },
  {
    "symbol": "RKN",
    "displayName": "RECKON LIMITED",
    "industry": "Software & Services",
    "dateListed": "1999-07-19",
    "marketCap": 131422005,
    "xid": "242746",
    "priceChangeFiveDayPercent": -0.8771929824561218,
    "isRecentListing": false,
    "priceAsk": 1.18,
    "priceBid": 1.1300000000000001,
    "priceChange": -0.029999999999999805,
    "priceChangePercent": -2.5862068965517073,
    "priceLast": 1.1300000000000001,
    "sector": "Information Technology",
    "industryGroup": "Software & Services",
    "securityType": 1,
    "volume": 9538,
    "statusCode": "",
    "isin": "AU000000RKN9",
    "priceClose": 1.16,
    "priceDayHigh": 1.1400000000000001,
    "priceDayLow": 1.1300000000000001,
    "priceFiftyTwoWeekHigh": 1.38,
    "priceFiftyTwoWeekLow": 0.805,
    "volumeAverage": 93358.426966,
    "dateExDate": "2022-08-25",
    "datePayDate": "2022-09-23",
    "dateRecordDate": "2022-08-26",
    "dividend": 0.03,
    "dividendType": "I",
    "frankingPercent": 100,
    "cashFlow": 3.366,
    "earningsPerShare": 0.07033,
    "freeCashFlowYield": 0.17757289811399826,
    "priceEarningsRatio": 16.49367,
    "priceToCash": 5.63149,
    "foreignExempt": false,
    "shareDescription": "Ordinary Fully Paid",
    "numOfShares": 113294832,
    "yieldAnnual": 4.424778761061948,
    "incomeStatement": [
      {
        "revenue": 71304000,
        "netIncome": 9822000,
        "period": "2021A",
        "fPeriodEndDate": 44561,
        "curCode": "AUD"
      },
      {
        "revenue": 70875000,
        "netIncome": 9736000,
        "period": "2020A",
        "fPeriodEndDate": 44196,
        "curCode": "AUD"
      },
      {
        "revenue": 75369000,
        "netIncome": 8125000,
        "period": "2019A",
        "fPeriodEndDate": 43830,
        "curCode": "AUD"
      },
      {
        "revenue": 75427000,
        "netIncome": 7706000,
        "period": "2018A",
        "fPeriodEndDate": 43465,
        "curCode": "AUD"
      }
    ]
  },
  {
    "symbol": "RCW",
    "displayName": "RIGHTCROWD LIMITED",
    "industry": "Software & Services",
    "dateListed": "2017-09-18",
    "marketCap": 14686631,
    "xid": "427096335",
    "priceChangeFiveDayPercent": 16.666666666666668,
    "isRecentListing": false,
    "priceAsk": 0.06,
    "priceBid": 0.057,
    "priceChange": 0,
    "priceChangePercent": 0,
    "priceLast": 0.056,
    "sector": "Information Technology",
    "industryGroup": "Software & Services",
    "securityType": 1,
    "volume": 0,
    "statusCode": "",
    "isin": "AU000000RCW7",
    "priceClose": 0.056,
    "priceFiftyTwoWeekHigh": 0.28,
    "priceFiftyTwoWeekLow": 0.032,
    "volumeAverage": 143288.37931,
    "cashFlow": -3.797,
    "earningsPerShare": -0.05419,
    "freeCashFlowYield": -0.0000100000010000001,
    "priceEarningsRatio": -99999.99,
    "priceToCash": -99999.99,
    "foreignExempt": false,
    "shareDescription": "Ordinary Fully Paid",
    "numOfShares": 262261259,
    "yieldAnnual": 0,
    "incomeStatement": [
      {
        "revenue": 15077000,
        "netIncome": -14939000,
        "period": "2022A",
        "fPeriodEndDate": 44742,
        "curCode": "AUD"
      },
      {
        "revenue": 15225100,
        "netIncome": -4663370,
        "period": "2021A",
        "fPeriodEndDate": 44377,
        "curCode": "AUD"
      },
      {
        "revenue": 11534110,
        "netIncome": -6786380,
        "period": "2020A",
        "fPeriodEndDate": 44012,
        "curCode": "AUD"
      },
      {
        "revenue": 9378620,
        "netIncome": -6170820,
        "period": "2019A",
        "fPeriodEndDate": 43646,
        "curCode": "AUD"
      }
    ]
  },
  {
    "symbol": "ROC",
    "displayName": "ROCKETBOOTS LIMITED",
    "industry": "Software & Services",
    "dateListed": "2021-12-07",
    "marketCap": 6326250,
    "xid": "686665226",
    "priceChangeFiveDayPercent": -4.761904761904753,
    "isRecentListing": false,
    "priceAsk": 0.105,
    "priceBid": 0.085,
    "priceChange": -0.0049999999999999906,
    "priceChangePercent": -4.761904761904753,
    "priceLast": 0.1,
    "sector": "Information Technology",
    "industryGroup": "Software & Services",
    "securityType": 1,
    "volume": 31,
    "statusCode": "",
    "isin": "AU0000182545",
    "priceClose": 0.105,
    "priceDayHigh": 0.1,
    "priceDayLow": 0.1,
    "priceFiftyTwoWeekHigh": 0.21,
    "priceFiftyTwoWeekLow": 0.074,
    "volumeAverage": 150968.205479,
    "cashFlow": -1.12966,
    "earningsPerShare": -0.0288,
    "freeCashFlowYield": -0.0000100000010000001,
    "priceEarningsRatio": -99999.99,
    "priceToCash": -99999.99,
    "foreignExempt": false,
    "shareDescription": "Ordinary Fully Paid",
    "numOfShares": 60250000,
    "yieldAnnual": 0,
    "incomeStatement": [
      {
        "revenue": 640550,
        "netIncome": -1557000,
        "period": "2022A",
        "fPeriodEndDate": 44742,
        "curCode": "AUD"
      },
      {
        "revenue": 675560,
        "netIncome": -1095940,
        "period": "2021A",
        "fPeriodEndDate": 44377,
        "curCode": "AUD"
      },
      {
        "revenue": 0,
        "netIncome": -492980,
        "period": "2020A",
        "fPeriodEndDate": 44196,
        "curCode": "AUD"
      },
      {
        "revenue": 7680,
        "netIncome": -409810,
        "period": "2019A",
        "fPeriodEndDate": 43830,
        "curCode": "AUD"
      }
    ]
  },
  {
    "symbol": "RUL",
    "displayName": "RPMGLOBAL HOLDINGS LIMITED",
    "industry": "Software & Services",
    "dateListed": "2008-05-27",
    "marketCap": 391283424,
    "xid": "11655356",
    "priceChangeFiveDayPercent": 5.882352941176468,
    "isRecentListing": false,
    "priceAsk": 1.71,
    "priceBid": 1.695,
    "priceChange": 0.010000000000000009,
    "priceChangePercent": 0.5882352941176476,
    "priceLast": 1.71,
    "sector": "Information Technology",
    "industryGroup": "Software & Services",
    "securityType": 1,
    "volume": 72811,
    "statusCode": "",
    "isin": "AU000000RUL2",
    "priceClose": 1.7,
    "priceDayHigh": 1.71,
    "priceDayLow": 1.67,
    "priceFiftyTwoWeekHigh": 2.27,
    "priceFiftyTwoWeekLow": 1.415,
    "volumeAverage": 277554.793478,
    "dateExDate": "2012-09-10",
    "datePayDate": "2012-10-05",
    "dateRecordDate": "2012-09-14",
    "dividend": 0.02,
    "dividendType": "F",
    "frankingPercent": 25,
    "cashFlow": -4.673,
    "earningsPerShare": -0.01988,
    "freeCashFlowYield": 0.008858313926243908,
    "priceEarningsRatio": -99999.99,
    "priceToCash": 112.8883,
    "foreignExempt": false,
    "shareDescription": "Ordinary Fully Paid",
    "numOfShares": 230166720,
    "yieldAnnual": 0,
    "incomeStatement": [
      {
        "revenue": 83107000,
        "netIncome": -4095000,
        "period": "2022A",
        "fPeriodEndDate": 44742,
        "curCode": "AUD"
      },
      {
        "revenue": 66416000,
        "netIncome": -5459000,
        "period": "2021A",
        "fPeriodEndDate": 44377,
        "curCode": "AUD"
      },
      {
        "revenue": 73501000,
        "netIncome": -714000,
        "period": "2020A",
        "fPeriodEndDate": 44012,
        "curCode": "AUD"
      },
      {
        "revenue": 79922000,
        "netIncome": -5853000,
        "period": "2019A",
        "fPeriodEndDate": 43646,
        "curCode": "AUD"
      }
    ]
  },
  {
    "symbol": "SCL",
    "displayName": "SCHROLE GROUP LTD",
    "industry": "Software & Services",
    "dateListed": "2013-11-11",
    "marketCap": 17001305,
    "xid": "69430481",
    "priceChangeFiveDayPercent": 2.1276595744680873,
    "isRecentListing": false,
    "priceAsk": 0.48,
    "priceBid": 0.3,
    "priceChange": 0,
    "priceChangePercent": 0,
    "priceLast": 0.48,
    "sector": "Information Technology",
    "industryGroup": "Software & Services",
    "securityType": 1,
    "volume": 0,
    "statusCode": "RE",
    "isin": "AU000000SCL8",
    "priceClose": 0.48,
    "priceFiftyTwoWeekHigh": 0.65,
    "priceFiftyTwoWeekLow": 0.255,
    "volumeAverage": 28996.210526,
    "dateExDate": "2014-05-30",
    "datePayDate": "2014-06-30",
    "dateRecordDate": "2014-06-03",
    "dividend": 0.01,
    "dividendType": "F",
    "frankingPercent": 0,
    "cashFlow": -2.40752,
    "earningsPerShare": -0.09236,
    "freeCashFlowYield": -0.0000100000010000001,
    "priceEarningsRatio": -99999.99,
    "priceToCash": -99999.99,
    "foreignExempt": false,
    "shareDescription": "Ordinary Fully Paid",
    "numOfShares": 35419385,
    "yieldAnnual": 0,
    "incomeStatement": [
      {
        "revenue": 5473770,
        "netIncome": -2438840,
        "period": "2021A",
        "fPeriodEndDate": 44561,
        "curCode": "AUD"
      },
      {
        "revenue": 6144600,
        "netIncome": -2177380,
        "period": "2020A",
        "fPeriodEndDate": 44196,
        "curCode": "AUD"
      },
      {
        "revenue": 5684250,
        "netIncome": -1969570,
        "period": "2019A",
        "fPeriodEndDate": 43830,
        "curCode": "AUD"
      },
      {
        "revenue": 2693890,
        "netIncome": -3765310,
        "period": "2018A",
        "fPeriodEndDate": 43465,
        "curCode": "AUD"
      }
    ]
  },
  {
    "symbol": "SMX",
    "displayName": "SECURITY MATTERS LIMITED",
    "industry": "Software & Services",
    "dateListed": "2018-10-15",
    "marketCap": 30224076,
    "xid": "493447864",
    "priceChangeFiveDayPercent": 9.375000000000009,
    "isRecentListing": false,
    "priceAsk": 0.17500000000000002,
    "priceBid": 0.15,
    "priceChange": -0.004999999999999977,
    "priceChangePercent": -2.777777777777765,
    "priceLast": 0.17500000000000002,
    "sector": "Information Technology",
    "industryGroup": "Software & Services",
    "securityType": 1,
    "volume": 3,
    "statusCode": "",
    "isin": "AU0000021214",
    "priceClose": 0.18,
    "priceDayHigh": 0.17500000000000002,
    "priceDayLow": 0.17500000000000002,
    "priceFiftyTwoWeekHigh": 0.45,
    "priceFiftyTwoWeekLow": 0.085,
    "volumeAverage": 183009.085714,
    "cashFlow": -9.86332,
    "earningsPerShare": -0.04901,
    "freeCashFlowYield": -0.0000100000010000001,
    "priceEarningsRatio": -99999.99,
    "priceToCash": -99999.99,
    "foreignExempt": false,
    "shareDescription": "Ordinary Fully Paid",
    "numOfShares": 167911534,
    "yieldAnnual": 0,
    "incomeStatement": [
      {
        "revenue": 0,
        "netIncome": -4938890,
        "period": "2021A",
        "fPeriodEndDate": 44561,
        "curCode": "USD"
      },
      {
        "revenue": 13450,
        "netIncome": -6021020,
        "period": "2020A",
        "fPeriodEndDate": 44196,
        "curCode": "USD"
      },
      {
        "revenue": 12540,
        "netIncome": -4531460,
        "period": "2019A",
        "fPeriodEndDate": 43830,
        "curCode": "USD"
      },
      {
        "revenue": 40380,
        "netIncome": -4032800,
        "period": "2018A",
        "fPeriodEndDate": 43465,
        "curCode": "USD"
      }
    ]
  },
  {
    "symbol": "SNS",
    "displayName": "SENSEN NETWORKS LIMITED",
    "industry": "Software & Services",
    "dateListed": "2007-05-31",
    "marketCap": 48835707,
    "xid": "28101123",
    "priceChangeFiveDayPercent": -12.499999999999995,
    "isRecentListing": false,
    "priceAsk": 0.08,
    "priceBid": 0.069,
    "priceChange": -0.0049999999999999906,
    "priceChangePercent": -6.6666666666666545,
    "priceLast": 0.07,
    "sector": "Information Technology",
    "industryGroup": "Software & Services",
    "securityType": 1,
    "volume": 35924,
    "upcomingEventName": "SenSen Annual General Meeting",
    "statusCode": "",
    "isin": "AU000000SNS0",
    "priceClose": 0.075,
    "priceDayHigh": 0.07,
    "priceDayLow": 0.07,
    "priceFiftyTwoWeekHigh": 0.155,
    "priceFiftyTwoWeekLow": 0.066,
    "volumeAverage": 248627.736111,
    "cashFlow": -8.14126,
    "earningsPerShare": -0.02017,
    "freeCashFlowYield": -0.0000100000010000001,
    "priceEarningsRatio": -99999.99,
    "priceToCash": -99999.99,
    "foreignExempt": false,
    "shareDescription": "Ordinary Fully Paid",
    "numOfShares": 651142760,
    "yieldAnnual": 0,
    "incomeStatement": [
      {
        "revenue": 9154060,
        "netIncome": -12075160,
        "period": "2022A",
        "fPeriodEndDate": 44742,
        "curCode": "AUD"
      },
      {
        "revenue": 5538240,
        "netIncome": -3021750,
        "period": "2021A",
        "fPeriodEndDate": 44377,
        "curCode": "AUD"
      },
      {
        "revenue": 3782020,
        "netIncome": -3705240,
        "period": "2020A",
        "fPeriodEndDate": 44012,
        "curCode": "AUD"
      },
      {
        "revenue": 3743370,
        "netIncome": -5277800,
        "period": "2019A",
        "fPeriodEndDate": 43646,
        "curCode": "AUD"
      }
    ]
  },
  {
    "symbol": "SKO",
    "displayName": "SERKO LIMITED",
    "industry": "Software & Services",
    "dateListed": "2018-06-25",
    "marketCap": 310690316,
    "xid": "476073625",
    "priceChangeFiveDayPercent": 4.580152671755729,
    "isRecentListing": false,
    "priceAsk": 3,
    "priceBid": 2.5,
    "priceChange": 0.16000000000000014,
    "priceChangePercent": 6.201550387596905,
    "priceLast": 2.74,
    "sector": "Information Technology",
    "industryGroup": "Software & Services",
    "securityType": 1,
    "volume": 978,
    "statusCode": "",
    "isin": "NZSKOE0001S7",
    "priceClose": 2.58,
    "priceDayHigh": 2.74,
    "priceDayLow": 2.57,
    "priceFiftyTwoWeekHigh": 7.78,
    "priceFiftyTwoWeekLow": 2.49,
    "volumeAverage": 9779.863636,
    "cashFlow": -34.55,
    "earningsPerShare": -0.3297,
    "freeCashFlowYield": -0.0000100000010000001,
    "priceEarningsRatio": -99999.99,
    "priceToCash": -99999.99,
    "foreignExempt": true,
    "shareDescription": "Ordinary Fully Paid Foreign Exempt Nzx",
    "numOfShares": 120422603,
    "yieldAnnual": 0,
    "incomeStatement": [
      {
        "revenue": 17855000,
        "netIncome": -35959000,
        "period": "2022A",
        "fPeriodEndDate": 44651,
        "curCode": "NZD"
      },
      {
        "revenue": 12420000,
        "netIncome": -29389000,
        "period": "2021A",
        "fPeriodEndDate": 44286,
        "curCode": "NZD"
      },
      {
        "revenue": 25869000,
        "netIncome": -9364000,
        "period": "2020A",
        "fPeriodEndDate": 43921,
        "curCode": "NZD"
      },
      {
        "revenue": 23361000,
        "netIncome": 1633000,
        "period": "2019A",
        "fPeriodEndDate": 43555,
        "curCode": "NZD"
      }
    ]
  },
  {
    "symbol": "SZL",
    "displayName": "SEZZLE INC.",
    "industry": "Software & Services",
    "dateListed": "2019-07-30",
    "marketCap": 101840096,
    "xid": "545367247",
    "priceChangeFiveDayPercent": -11.214953271028037,
    "isRecentListing": false,
    "priceAsk": 0.47500000000000003,
    "priceBid": 0.465,
    "priceChange": -0.014999999999999958,
    "priceChangePercent": -3.0612244897959098,
    "priceLast": 0.47500000000000003,
    "sector": "Information Technology",
    "industryGroup": "Software & Services",
    "securityType": 1,
    "volume": 205346,
    "statusCode": "",
    "isin": "AU0000050981",
    "priceClose": 0.49,
    "priceDayHigh": 0.48,
    "priceDayLow": 0.465,
    "priceFiftyTwoWeekHigh": 6.28,
    "priceFiftyTwoWeekLow": 0.185,
    "volumeAverage": 3549529.478261,
    "cashFlow": -98.46455,
    "earningsPerShare": -0.68554,
    "freeCashFlowYield": -0.0000100000010000001,
    "priceEarningsRatio": -99999.99,
    "priceToCash": -99999.99,
    "foreignExempt": false,
    "shareDescription": "Cdi 1:1 Us Person Prohibited Excluding Qib",
    "numOfShares": 207836931,
    "yieldAnnual": 0,
    "incomeStatement": [
      {
        "revenue": 114816640,
        "netIncome": -75168360,
        "period": "2021A",
        "fPeriodEndDate": 44561,
        "curCode": "USD"
      },
      {
        "revenue": 58788270,
        "netIncome": -32392740,
        "period": "2020A",
        "fPeriodEndDate": 44196,
        "curCode": "USD"
      },
      {
        "revenue": 15801110,
        "netIncome": -13061350,
        "period": "2019A",
        "fPeriodEndDate": 43830,
        "curCode": "USD"
      },
      {
        "revenue": 1632000,
        "netIncome": -4194000,
        "period": "2018A",
        "fPeriodEndDate": 43465,
        "curCode": "USD"
      }
    ]
  },
  {
    "symbol": "SBW",
    "displayName": "SHEKEL BRAINWEIGH LTD",
    "industry": "Software & Services",
    "dateListed": "2018-11-20",
    "marketCap": 18686457,
    "xid": "502446878",
    "priceChangeFiveDayPercent": 1.0309278350515472,
    "isRecentListing": false,
    "priceAsk": 0.105,
    "priceBid": 0.098,
    "priceChange": 0.0010000000000000009,
    "priceChangePercent": 1.0309278350515472,
    "priceLast": 0.098,
    "sector": "Information Technology",
    "industryGroup": "Software & Services",
    "securityType": 1,
    "volume": 5000,
    "statusCode": "",
    "isin": "IL0011721474",
    "priceClose": 0.097,
    "priceDayHigh": 0.099,
    "priceDayLow": 0.098,
    "priceFiftyTwoWeekHigh": 0.25,
    "priceFiftyTwoWeekLow": 0.093,
    "volumeAverage": 58277.714286,
    "cashFlow": -7.1611,
    "earningsPerShare": -0.05432,
    "freeCashFlowYield": -0.0000100000010000001,
    "priceEarningsRatio": -99999.99,
    "priceToCash": -99999.99,
    "foreignExempt": false,
    "shareDescription": "Ordinary Fully Paid",
    "numOfShares": 192643883,
    "yieldAnnual": 0,
    "incomeStatement": [
      {
        "revenue": 23104000,
        "netIncome": -6767000,
        "period": "2021A",
        "fPeriodEndDate": 44561,
        "curCode": "USD"
      },
      {
        "revenue": 18306000,
        "netIncome": -4453000,
        "period": "2020A",
        "fPeriodEndDate": 44196,
        "curCode": "USD"
      },
      {
        "revenue": 18817000,
        "netIncome": -3410000,
        "period": "2019A",
        "fPeriodEndDate": 43830,
        "curCode": "USD"
      },
      {
        "revenue": 18657000,
        "netIncome": -1205000,
        "period": "2018A",
        "fPeriodEndDate": 43465,
        "curCode": "USD"
      }
    ]
  },
  {
    "symbol": "SIS",
    "displayName": "SIMBLE SOLUTIONS LIMITED",
    "industry": "Software & Services",
    "dateListed": "2018-02-22",
    "marketCap": 4700661,
    "xid": "445253169",
    "priceChangeFiveDayPercent": -8.333333333333341,
    "isRecentListing": false,
    "priceAsk": 0.012,
    "priceBid": 0.011,
    "priceChange": 0,
    "priceChangePercent": 0,
    "priceLast": 0.011,
    "sector": "Information Technology",
    "industryGroup": "Software & Services",
    "securityType": 1,
    "volume": 200000,
    "statusCode": "",
    "isin": "AU000000SIS0",
    "priceClose": 0.011,
    "priceDayHigh": 0.011,
    "priceDayLow": 0.011,
    "priceFiftyTwoWeekHigh": 0.035,
    "priceFiftyTwoWeekLow": 0.008,
    "volumeAverage": 1357062.298701,
    "cashFlow": -2.0228,
    "earningsPerShare": -0.00563,
    "freeCashFlowYield": -0.0000100000010000001,
    "priceEarningsRatio": -99999.99,
    "priceToCash": -99999.99,
    "foreignExempt": false,
    "shareDescription": "Ordinary Fully Paid",
    "numOfShares": 427332803,
    "yieldAnnual": 0,
    "incomeStatement": [
      {
        "revenue": 1699400,
        "netIncome": -1184150,
        "period": "2021A",
        "fPeriodEndDate": 44561,
        "curCode": "AUD"
      },
      {
        "revenue": 1933930,
        "netIncome": -1257040,
        "period": "2020A",
        "fPeriodEndDate": 44196,
        "curCode": "AUD"
      },
      {
        "revenue": 2147010,
        "netIncome": -8110720,
        "period": "2019A",
        "fPeriodEndDate": 43830,
        "curCode": "AUD"
      },
      {
        "revenue": 2354730,
        "netIncome": -7719700,
        "period": "2018A",
        "fPeriodEndDate": 43465,
        "curCode": "AUD"
      }
    ]
  },
  {
    "symbol": "SKF",
    "displayName": "SKYFII LTD",
    "industry": "Software & Services",
    "dateListed": "1999-12-17",
    "marketCap": 19769793,
    "xid": "39277130",
    "priceChangeFiveDayPercent": -2.173913043478263,
    "isRecentListing": false,
    "priceAsk": 0.05,
    "priceBid": 0.042,
    "priceChange": 0,
    "priceChangePercent": 0,
    "priceLast": 0.045,
    "sector": "Information Technology",
    "industryGroup": "Software & Services",
    "securityType": 1,
    "volume": 1000,
    "statusCode": "",
    "isin": "AU000000SKF3",
    "priceClose": 0.045,
    "priceDayHigh": 0.045,
    "priceDayLow": 0.045,
    "priceFiftyTwoWeekHigh": 0.11,
    "priceFiftyTwoWeekLow": 0.042,
    "volumeAverage": 633125.117647,
    "cashFlow": -4.57579,
    "earningsPerShare": -0.02518,
    "freeCashFlowYield": -0.0000100000010000001,
    "priceEarningsRatio": -99999.99,
    "priceToCash": -99999.99,
    "foreignExempt": false,
    "shareDescription": "Ordinary Fully Paid",
    "numOfShares": 439328726,
    "yieldAnnual": 0,
    "incomeStatement": [
      {
        "revenue": 23729070,
        "netIncome": -11087810,
        "period": "2022A",
        "fPeriodEndDate": 44742,
        "curCode": "AUD"
      },
      {
        "revenue": 16111780,
        "netIncome": -7018910,
        "period": "2021A",
        "fPeriodEndDate": 44377,
        "curCode": "AUD"
      },
      {
        "revenue": 13620870,
        "netIncome": -3417000,
        "period": "2020A",
        "fPeriodEndDate": 44012,
        "curCode": "AUD"
      },
      {
        "revenue": 9449930,
        "netIncome": -4035530,
        "period": "2019A",
        "fPeriodEndDate": 43646,
        "curCode": "AUD"
      }
    ]
  },
  {
    "symbol": "SMP",
    "displayName": "SMARTPAY HOLDINGS LIMITED",
    "industry": "Software & Services",
    "dateListed": "2013-09-04",
    "marketCap": 150119527,
    "xid": "67291570",
    "priceChangeFiveDayPercent": -2.362204724409451,
    "isRecentListing": false,
    "priceAsk": 0.64,
    "priceBid": 0.61,
    "priceChange": -0.010000000000000009,
    "priceChangePercent": -1.5873015873015888,
    "priceLast": 0.62,
    "sector": "Information Technology",
    "industryGroup": "Software & Services",
    "securityType": 1,
    "volume": 46621,
    "statusCode": "",
    "isin": "NZDMBE0001S2",
    "priceClose": 0.63,
    "priceDayHigh": 0.64,
    "priceDayLow": 0.62,
    "priceFiftyTwoWeekHigh": 0.88,
    "priceFiftyTwoWeekLow": 0.565,
    "volumeAverage": 121860.829268,
    "cashFlow": -99999.99,
    "earningsPerShare": 0.01322,
    "freeCashFlowYield": 0.06411333185445249,
    "priceEarningsRatio": 54.84115,
    "priceToCash": 15.59738,
    "foreignExempt": true,
    "shareDescription": "Ordinary Fully Paid Foreign Exempt Nzx",
    "numOfShares": 238284963,
    "yieldAnnual": 0,
    "incomeStatement": [
      {
        "revenue": 48080000,
        "netIncome": 3104000,
        "period": "2022A",
        "fPeriodEndDate": 44651,
        "curCode": "NZD"
      },
      {
        "revenue": 33845000,
        "netIncome": -15200000,
        "period": "2021A",
        "fPeriodEndDate": 44286,
        "curCode": "NZD"
      },
      {
        "revenue": 28271000,
        "netIncome": -4472000,
        "period": "2020A",
        "fPeriodEndDate": 43921,
        "curCode": "NZD"
      },
      {
        "revenue": 21097000,
        "netIncome": -1828000,
        "period": "2019A",
        "fPeriodEndDate": 43555,
        "curCode": "NZD"
      }
    ]
  },
  {
    "symbol": "SP1",
    "displayName": "SOUTHERN CROSS PAYMENTS LTD",
    "industry": "Software & Services",
    "dateListed": "1998-12-07",
    "marketCap": -1,
    "xid": "113647",
    "priceChangeFiveDayPercent": 0,
    "isRecentListing": false,
    "priceChange": 0,
    "priceChangePercent": 0,
    "priceLast": 1.07,
    "securityType": 1,
    "volume": 0,
    "statusCode": "",
    "isin": "AU0000224099",
    "priceClose": 1.07,
    "priceFiftyTwoWeekHigh": 1.155,
    "priceFiftyTwoWeekLow": 0.927,
    "cashFlow": 1.79764,
    "earningsPerShare": -0.00513,
    "freeCashFlowYield": -0.0000100000010000001,
    "priceEarningsRatio": -99999.99,
    "priceToCash": -99999.99,
    "foreignExempt": false,
    "shareDescription": "Ordinary Fully Paid",
    "numOfShares": 1100792118,
    "yieldAnnual": 0,
    "incomeStatement": [
      {
        "revenue": 0,
        "netIncome": -2516890,
        "period": "2021A",
        "fPeriodEndDate": 44561,
        "curCode": "AUD"
      },
      {
        "revenue": 0,
        "netIncome": 1913530,
        "period": "2020A",
        "fPeriodEndDate": 44196,
        "curCode": "AUD"
      },
      {
        "revenue": 29853050,
        "netIncome": 1593580,
        "period": "2019A",
        "fPeriodEndDate": 43830,
        "curCode": "AUD"
      },
      {
        "revenue": 6091990,
        "netIncome": -8038650,
        "period": "2018A",
        "fPeriodEndDate": 43465,
        "curCode": "AUD"
      }
    ]
  },
  {
    "symbol": "SOV",
    "displayName": "SOVEREIGN CLOUD HOLDINGS LIMITED",
    "industry": "Software & Services",
    "dateListed": "2020-12-14",
    "marketCap": 28849057,
    "xid": "626320637",
    "priceChangeFiveDayPercent": 0,
    "isRecentListing": false,
    "priceAsk": 0.19,
    "priceBid": 0.17500000000000002,
    "priceChange": 0,
    "priceChangePercent": 0,
    "priceLast": 0.17,
    "sector": "Information Technology",
    "industryGroup": "Software & Services",
    "securityType": 1,
    "volume": 0,
    "statusCode": "",
    "isin": "AU0000113458",
    "priceClose": 0.17,
    "priceFiftyTwoWeekHigh": 0.88,
    "priceFiftyTwoWeekLow": 0.155,
    "volumeAverage": 117541.769231,
    "cashFlow": -15.59358,
    "earningsPerShare": -0.12651,
    "freeCashFlowYield": -0.0000100000010000001,
    "priceEarningsRatio": -99999.99,
    "priceToCash": -99999.99,
    "foreignExempt": false,
    "shareDescription": "Ordinary Fully Paid",
    "numOfShares": 169700336,
    "yieldAnnual": 0,
    "incomeStatement": [
      {
        "revenue": 4304770,
        "netIncome": -15521650,
        "period": "2022A",
        "fPeriodEndDate": 44742,
        "curCode": "AUD"
      },
      {
        "revenue": 2564990,
        "netIncome": -11586980,
        "period": "2021A",
        "fPeriodEndDate": 44377,
        "curCode": "AUD"
      },
      {
        "revenue": 1339170,
        "netIncome": -8224560,
        "period": "2020A",
        "fPeriodEndDate": 44012,
        "curCode": "AUD"
      },
      {
        "revenue": 121790,
        "netIncome": -7350320,
        "period": "2019A",
        "fPeriodEndDate": 43646,
        "curCode": "AUD"
      }
    ]
  },
  {
    "symbol": "SPA",
    "displayName": "SPACETALK LTD",
    "industry": "Software & Services",
    "dateListed": "2001-07-17",
    "marketCap": 10887787,
    "xid": "207960",
    "priceChangeFiveDayPercent": -11.538461538461537,
    "isRecentListing": false,
    "priceAsk": 0.05,
    "priceBid": 0.045,
    "priceChange": -0.0040000000000000036,
    "priceChangePercent": -8.000000000000007,
    "priceLast": 0.046,
    "sector": "Information Technology",
    "industryGroup": "Software & Services",
    "securityType": 1,
    "volume": 21747,
    "statusCode": "",
    "isin": "AU0000117285",
    "priceClose": 0.05,
    "priceDayHigh": 0.051000000000000004,
    "priceDayLow": 0.046,
    "priceFiftyTwoWeekHigh": 0.23,
    "priceFiftyTwoWeekLow": 0.044,
    "volumeAverage": 191948.341463,
    "dateExDate": "2016-09-22",
    "datePayDate": "2016-10-26",
    "dateRecordDate": "2016-09-23",
    "dividend": 0.013,
    "dividendType": "F",
    "frankingPercent": 0,
    "cashFlow": -8.91364,
    "earningsPerShare": -0.03647,
    "freeCashFlowYield": -0.0000100000010000001,
    "priceEarningsRatio": -99999.99,
    "priceToCash": -99999.99,
    "foreignExempt": false,
    "shareDescription": "Ordinary Fully Paid",
    "numOfShares": 217755749,
    "yieldAnnual": 0,
    "incomeStatement": [
      {
        "revenue": 20704010,
        "netIncome": -6300910,
        "period": "2022A",
        "fPeriodEndDate": 44742,
        "curCode": "AUD"
      },
      {
        "revenue": 15121570,
        "netIncome": -1780150,
        "period": "2021A",
        "fPeriodEndDate": 44377,
        "curCode": "AUD"
      },
      {
        "revenue": 10486520,
        "netIncome": -4265450,
        "period": "2020A",
        "fPeriodEndDate": 44012,
        "curCode": "AUD"
      },
      {
        "revenue": 7142150,
        "netIncome": -4688680,
        "period": "2019A",
        "fPeriodEndDate": 43646,
        "curCode": "AUD"
      }
    ]
  },
  {
    "symbol": "SPX",
    "displayName": "SPENDA LIMITED",
    "industry": "Software & Services",
    "dateListed": "2002-05-29",
    "marketCap": 35548596,
    "xid": "225758",
    "priceChangeFiveDayPercent": 0,
    "isRecentListing": false,
    "priceAsk": 0.012,
    "priceBid": 0.011,
    "priceChange": 0.0010000000000000009,
    "priceChangePercent": 9.090909090909099,
    "priceLast": 0.012,
    "sector": "Information Technology",
    "industryGroup": "Software & Services",
    "securityType": 1,
    "volume": 1035722,
    "statusCode": "",
    "isin": "AU0000207540",
    "priceClose": 0.011,
    "priceDayHigh": 0.012,
    "priceDayLow": 0.011,
    "priceFiftyTwoWeekHigh": 0.066,
    "priceFiftyTwoWeekLow": 0.008,
    "volumeAverage": 6344037,
    "cashFlow": -10.57397,
    "earningsPerShare": -0.01637,
    "freeCashFlowYield": -0.0000100000010000001,
    "priceEarningsRatio": -99999.99,
    "priceToCash": -99999.99,
    "foreignExempt": false,
    "shareDescription": "Ordinary Fully Paid",
    "numOfShares": 3231690558,
    "yieldAnnual": 0,
    "incomeStatement": [
      {
        "revenue": 4073810,
        "netIncome": -50241210,
        "period": "2022A",
        "fPeriodEndDate": 44742,
        "curCode": "AUD"
      },
      {
        "revenue": 998010,
        "netIncome": -11412800,
        "period": "2021A",
        "fPeriodEndDate": 44377,
        "curCode": "AUD"
      },
      {
        "revenue": 523040,
        "netIncome": -7437950,
        "period": "2020A",
        "fPeriodEndDate": 44012,
        "curCode": "AUD"
      },
      {
        "revenue": 678670,
        "netIncome": -6037040,
        "period": "2019A",
        "fPeriodEndDate": 43646,
        "curCode": "AUD"
      }
    ]
  },
  {
    "symbol": "SPT",
    "displayName": "SPLITIT PAYMENTS LTD",
    "industry": "Software & Services",
    "dateListed": "2019-01-29",
    "marketCap": 79787033,
    "xid": "513315236",
    "priceChangeFiveDayPercent": 3.5714285714285543,
    "isRecentListing": false,
    "priceAsk": 0.15,
    "priceBid": 0.145,
    "priceChange": -0.0050000000000000044,
    "priceChangePercent": -3.3333333333333366,
    "priceLast": 0.145,
    "sector": "Information Technology",
    "industryGroup": "Software & Services",
    "securityType": 1,
    "volume": 369418,
    "statusCode": "",
    "isin": "IL0011570806",
    "priceClose": 0.15,
    "priceDayHigh": 0.15,
    "priceDayLow": 0.14250000000000002,
    "priceFiftyTwoWeekHigh": 0.425,
    "priceFiftyTwoWeekLow": 0.105,
    "volumeAverage": 1901541.582418,
    "cashFlow": -51.03361,
    "earningsPerShare": -0.11309,
    "freeCashFlowYield": -0.0000100000010000001,
    "priceEarningsRatio": -99999.99,
    "priceToCash": -99999.99,
    "foreignExempt": false,
    "shareDescription": "Ordinary Fully Paid",
    "numOfShares": 531913554,
    "yieldAnnual": 0,
    "incomeStatement": [
      {
        "revenue": 10507000,
        "netIncome": -39689000,
        "period": "2021A",
        "fPeriodEndDate": 44561,
        "curCode": "USD"
      },
      {
        "revenue": 6735000,
        "netIncome": -25470000,
        "period": "2020A",
        "fPeriodEndDate": 44196,
        "curCode": "USD"
      },
      {
        "revenue": 1646480,
        "netIncome": -21473060,
        "period": "2019A",
        "fPeriodEndDate": 43830,
        "curCode": "USD"
      },
      {
        "revenue": 789920,
        "netIncome": -4642980,
        "period": "2018A",
        "fPeriodEndDate": 43465,
        "curCode": "USD"
      }
    ]
  },
  {
    "symbol": "SYT",
    "displayName": "SYNTONIC LIMITED",
    "industry": "Software & Services",
    "dateListed": "2007-06-12",
    "marketCap": -1,
    "xid": "7402562",
    "priceChangeFiveDayPercent": 0,
    "isRecentListing": false,
    "priceChange": 0,
    "priceChangePercent": 0,
    "priceLast": 0.001,
    "sector": "Information Technology",
    "industryGroup": "Software & Services",
    "securityType": 1,
    "volume": 0,
    "statusCode": "",
    "isin": "AU000000SYT5",
    "priceClose": 0.001,
    "priceFiftyTwoWeekHigh": 0.001,
    "priceFiftyTwoWeekLow": 0.001,
    "cashFlow": -0.0563,
    "earningsPerShare": -0.00003,
    "freeCashFlowYield": 0.005936567773341843,
    "priceEarningsRatio": -99999.99,
    "priceToCash": 168.4475,
    "foreignExempt": false,
    "shareDescription": "Ordinary Fully Paid",
    "numOfShares": 5735609390,
    "yieldAnnual": 0,
    "incomeStatement": [
      {
        "revenue": 0,
        "netIncome": -180380,
        "period": "2022A",
        "fPeriodEndDate": 44742,
        "curCode": "AUD"
      },
      {
        "revenue": 0,
        "netIncome": -1267790,
        "period": "2021A",
        "fPeriodEndDate": 44377,
        "curCode": "AUD"
      },
      {
        "revenue": 0,
        "netIncome": -3360520,
        "period": "2020A",
        "fPeriodEndDate": 44012,
        "curCode": "AUD"
      },
      {
        "revenue": 0,
        "netIncome": -7797560,
        "period": "2019A",
        "fPeriodEndDate": 43646,
        "curCode": "AUD"
      }
    ]
  },
  {
    "symbol": "TNE",
    "displayName": "TECHNOLOGY ONE LIMITED",
    "industry": "Software & Services",
    "dateListed": "1999-12-08",
    "marketCap": 3647566404,
    "xid": "270358",
    "priceChangeFiveDayPercent": 2.066486972147337,
    "isRecentListing": false,
    "priceAsk": 11.4,
    "priceBid": 11.21,
    "priceChange": 0.08000000000000007,
    "priceChangePercent": 0.7092198581560291,
    "priceLast": 11.36,
    "sector": "Information Technology",
    "industryGroup": "Software & Services",
    "securityType": 1,
    "volume": 408726,
    "statusCode": "",
    "isin": "AU000000TNE8",
    "priceClose": 11.28,
    "priceDayHigh": 11.370000000000001,
    "priceDayLow": 10.950000000000001,
    "priceFiftyTwoWeekHigh": 13.6,
    "priceFiftyTwoWeekLow": 9.55,
    "volumeAverage": 711745.271739,
    "dateExDate": "2022-06-02",
    "datePayDate": "2022-06-17",
    "dateRecordDate": "2022-06-03",
    "dividend": 0.042,
    "dividendType": "I",
    "frankingPercent": 60,
    "cashFlow": 21.232,
    "earningsPerShare": 0.2401,
    "freeCashFlowYield": 0.03086586466861636,
    "priceEarningsRatio": 45.73095,
    "priceToCash": 32.39825,
    "foreignExempt": false,
    "shareDescription": "Ordinary Fully Paid",
    "numOfShares": 323365816,
    "yieldAnnual": 1.2579225352112675,
    "incomeStatement": [
      {
        "revenue": 311295000,
        "netIncome": 72691000,
        "period": "2021A",
        "fPeriodEndDate": 44469,
        "curCode": "AUD"
      },
      {
        "revenue": 298267000,
        "netIncome": 62945000,
        "period": "2020A",
        "fPeriodEndDate": 44104,
        "curCode": "AUD"
      },
      {
        "revenue": 284994000,
        "netIncome": 58459000,
        "period": "2019A",
        "fPeriodEndDate": 43738,
        "curCode": "AUD"
      },
      {
        "revenue": 252989000,
        "netIncome": 21691000,
        "period": "2018A",
        "fPeriodEndDate": 43373,
        "curCode": "AUD"
      }
    ]
  },
  {
    "symbol": "TNT",
    "displayName": "TESSERENT LIMITED",
    "industry": "Software & Services",
    "dateListed": "2016-02-15",
    "marketCap": 137447308,
    "xid": "323505775",
    "priceChangeFiveDayPercent": -4.545454545454549,
    "isRecentListing": false,
    "priceAsk": 0.11,
    "priceBid": 0.105,
    "priceChange": 0,
    "priceChangePercent": 0,
    "priceLast": 0.105,
    "sector": "Information Technology",
    "industryGroup": "Software & Services",
    "securityType": 1,
    "volume": 625869,
    "statusCode": "",
    "isin": "AU000000TNT6",
    "priceClose": 0.105,
    "priceDayHigh": 0.11,
    "priceDayLow": 0.1,
    "priceFiftyTwoWeekHigh": 0.245,
    "priceFiftyTwoWeekLow": 0.1,
    "volumeAverage": 1822447.586957,
    "cashFlow": 8.348,
    "earningsPerShare": -0.00726,
    "freeCashFlowYield": -0.0000100000010000001,
    "priceEarningsRatio": -99999.99,
    "priceToCash": -99999.99,
    "foreignExempt": false,
    "shareDescription": "Ordinary Fully Paid",
    "numOfShares": 1309021978,
    "yieldAnnual": 0,
    "incomeStatement": [
      {
        "revenue": 113503000,
        "netIncome": -8783000,
        "period": "2022A",
        "fPeriodEndDate": 44742,
        "curCode": "AUD"
      },
      {
        "revenue": 67398000,
        "netIncome": -4533000,
        "period": "2021A",
        "fPeriodEndDate": 44377,
        "curCode": "AUD"
      },
      {
        "revenue": 20231320,
        "netIncome": -7311950,
        "period": "2020A",
        "fPeriodEndDate": 44012,
        "curCode": "AUD"
      },
      {
        "revenue": 5276260,
        "netIncome": -4372820,
        "period": "2019A",
        "fPeriodEndDate": 43646,
        "curCode": "AUD"
      }
    ]
  },
  {
    "symbol": "TYM",
    "displayName": "TYMLEZ GROUP LIMITED",
    "industry": "Software & Services",
    "dateListed": "2018-12-13",
    "marketCap": 21766034,
    "xid": "505819452",
    "priceChangeFiveDayPercent": -12.00000000000001,
    "isRecentListing": false,
    "priceAsk": 0.024,
    "priceBid": 0.022,
    "priceChange": 0,
    "priceChangePercent": 0,
    "priceLast": 0.022,
    "sector": "Information Technology",
    "industryGroup": "Software & Services",
    "securityType": 1,
    "volume": 742016,
    "statusCode": "",
    "isin": "AU0000028706",
    "priceClose": 0.022,
    "priceDayHigh": 0.023,
    "priceDayLow": 0.022,
    "priceFiftyTwoWeekHigh": 0.057,
    "priceFiftyTwoWeekLow": 0.014,
    "volumeAverage": 1602788.640449,
    "cashFlow": -3.37189,
    "earningsPerShare": -0.00417,
    "freeCashFlowYield": -0.0000100000010000001,
    "priceEarningsRatio": -99999.99,
    "priceToCash": -99999.99,
    "foreignExempt": false,
    "shareDescription": "Ordinary Fully Paid",
    "numOfShares": 989365160,
    "yieldAnnual": 0,
    "incomeStatement": [
      {
        "revenue": 286900,
        "netIncome": -3646440,
        "period": "2021A",
        "fPeriodEndDate": 44561,
        "curCode": "AUD"
      },
      {
        "revenue": 193150,
        "netIncome": -3654030,
        "period": "2020A",
        "fPeriodEndDate": 44196,
        "curCode": "AUD"
      },
      {
        "revenue": 309000,
        "netIncome": -6719590,
        "period": "2019A",
        "fPeriodEndDate": 43830,
        "curCode": "AUD"
      },
      {
        "revenue": 398500,
        "netIncome": -2323090,
        "period": "2018A",
        "fPeriodEndDate": 43465,
        "curCode": "AUD"
      }
    ]
  },
  {
    "symbol": "TYR",
    "displayName": "TYRO PAYMENTS LIMITED",
    "industry": "Software & Services",
    "dateListed": "2019-12-06",
    "marketCap": 744032322,
    "xid": "565645988",
    "priceChangeFiveDayPercent": 3.311258278145698,
    "isRecentListing": false,
    "priceAsk": 1.57,
    "priceBid": 1.555,
    "priceChange": 0.125,
    "priceChangePercent": 8.710801393728223,
    "priceLast": 1.56,
    "sector": "Information Technology",
    "industryGroup": "Software & Services",
    "securityType": 1,
    "volume": 6283725,
    "statusCode": "",
    "isin": "AU0000066508",
    "priceClose": 1.435,
    "priceDayHigh": 1.58,
    "priceDayLow": 1.405,
    "priceFiftyTwoWeekHigh": 4.19,
    "priceFiftyTwoWeekLow": 0.6,
    "volumeAverage": 4741189.826087,
    "cashFlow": -49.674,
    "earningsPerShare": -0.05747,
    "freeCashFlowYield": 0.002738892353587716,
    "priceEarningsRatio": -99999.99,
    "priceToCash": 365.1111,
    "foreignExempt": false,
    "shareDescription": "Ordinary Fully Paid",
    "numOfShares": 518489423,
    "yieldAnnual": 0,
    "incomeStatement": [
      {
        "revenue": 326143000,
        "netIncome": -29617000,
        "period": "2022A",
        "fPeriodEndDate": 44742,
        "curCode": "AUD"
      },
      {
        "revenue": 234038000,
        "netIncome": -29823000,
        "period": "2021A",
        "fPeriodEndDate": 44377,
        "curCode": "AUD"
      },
      {
        "revenue": 206808000,
        "netIncome": -38057000,
        "period": "2020A",
        "fPeriodEndDate": 44012,
        "curCode": "AUD"
      },
      {
        "revenue": 189770000,
        "netIncome": -18439000,
        "period": "2019A",
        "fPeriodEndDate": 43646,
        "curCode": "AUD"
      }
    ]
  },
  {
    "symbol": "UBN",
    "displayName": "URBANISE.COM LIMITED",
    "industry": "Software & Services",
    "dateListed": "2014-09-22",
    "marketCap": 45461893,
    "xid": "656661393",
    "priceChangeFiveDayPercent": 0,
    "isRecentListing": false,
    "priceAsk": 0.75,
    "priceBid": 0.6,
    "priceChange": 0,
    "priceChangePercent": 0,
    "priceLast": 0.8,
    "sector": "Information Technology",
    "industryGroup": "Software & Services",
    "securityType": 1,
    "volume": 0,
    "statusCode": "",
    "isin": "AU000000UBN2",
    "priceClose": 0.8,
    "priceFiftyTwoWeekHigh": 1.395,
    "priceFiftyTwoWeekLow": 0.36,
    "volumeAverage": 54913.724138,
    "cashFlow": -3.83747,
    "earningsPerShare": -0.10463,
    "freeCashFlowYield": -0.0000100000010000001,
    "priceEarningsRatio": -99999.99,
    "priceToCash": -99999.99,
    "foreignExempt": false,
    "shareDescription": "Ordinary Fully Paid",
    "numOfShares": 56827366,
    "yieldAnnual": 0,
    "incomeStatement": [
      {
        "revenue": 13024990,
        "netIncome": -5895940,
        "period": "2022A",
        "fPeriodEndDate": 44742,
        "curCode": "AUD"
      },
      {
        "revenue": 11761960,
        "netIncome": -3849020,
        "period": "2021A",
        "fPeriodEndDate": 44377,
        "curCode": "AUD"
      },
      {
        "revenue": 9728050,
        "netIncome": -4155230,
        "period": "2020A",
        "fPeriodEndDate": 44012,
        "curCode": "AUD"
      },
      {
        "revenue": 8088540,
        "netIncome": -4754740,
        "period": "2019A",
        "fPeriodEndDate": 43646,
        "curCode": "AUD"
      }
    ]
  },
  {
    "symbol": "VR1",
    "displayName": "VECTION TECHNOLOGIES LTD",
    "industry": "Software & Services",
    "dateListed": "2017-03-17",
    "marketCap": 71035155,
    "xid": "400443106",
    "priceChangeFiveDayPercent": -0.7874015748031503,
    "isRecentListing": false,
    "priceAsk": 0.064,
    "priceBid": 0.062,
    "priceChange": -0.0010000000000000009,
    "priceChangePercent": -1.5625000000000013,
    "priceLast": 0.063,
    "sector": "Information Technology",
    "industryGroup": "Software & Services",
    "securityType": 1,
    "volume": 22812,
    "statusCode": "",
    "isin": "AU0000067522",
    "priceClose": 0.064,
    "priceDayHigh": 0.064,
    "priceDayLow": 0.063,
    "priceFiftyTwoWeekHigh": 0.29,
    "priceFiftyTwoWeekLow": 0.046,
    "volumeAverage": 1892864.32967,
    "cashFlow": -1.41004,
    "earningsPerShare": -0.00617,
    "freeCashFlowYield": -0.0000100000010000001,
    "priceEarningsRatio": -99999.99,
    "priceToCash": -99999.99,
    "foreignExempt": false,
    "shareDescription": "Ordinary Fully Paid",
    "numOfShares": 1109924294,
    "yieldAnnual": 0,
    "incomeStatement": [
      {
        "revenue": 18651260,
        "netIncome": -6681490,
        "period": "2022A",
        "fPeriodEndDate": 44742,
        "curCode": "AUD"
      },
      {
        "revenue": 3471360,
        "netIncome": -2405710,
        "period": "2021A",
        "fPeriodEndDate": 44377,
        "curCode": "AUD"
      },
      {
        "revenue": 3050850,
        "netIncome": -1165870,
        "period": "2020A",
        "fPeriodEndDate": 44012,
        "curCode": "AUD"
      },
      {
        "revenue": 1362120,
        "netIncome": -4420100,
        "period": "2019A",
        "fPeriodEndDate": 43646,
        "curCode": "AUD"
      }
    ]
  },
  {
    "symbol": "VIG",
    "displayName": "VICTOR GROUP HOLDINGS LIMITED",
    "industry": "Software & Services",
    "dateListed": "2014-05-09",
    "marketCap": 17166800,
    "xid": "74450218",
    "priceChangeFiveDayPercent": 0,
    "isRecentListing": false,
    "priceAsk": 0.03,
    "priceBid": 0.01,
    "priceChange": 0,
    "priceChangePercent": 0,
    "priceLast": 0.03,
    "sector": "Information Technology",
    "industryGroup": "Software & Services",
    "securityType": 1,
    "volume": 0,
    "statusCode": "",
    "isin": "AU000000VIG9",
    "priceClose": 0.03,
    "priceFiftyTwoWeekHigh": 0.03,
    "priceFiftyTwoWeekLow": 0.03,
    "volumeAverage": 9167,
    "dateExDate": "2014-11-27",
    "datePayDate": "2014-12-08",
    "dateRecordDate": "2014-12-01",
    "dividend": 0.0048,
    "dividendType": "F",
    "frankingPercent": 0,
    "cashFlow": -0.60486,
    "earningsPerShare": -0.0002,
    "freeCashFlowYield": 0.08727777986274697,
    "priceEarningsRatio": -99999.99,
    "priceToCash": 11.45767,
    "foreignExempt": false,
    "shareDescription": "Ordinary Fully Paid",
    "numOfShares": 572226672,
    "yieldAnnual": 0,
    "incomeStatement": [
      {
        "revenue": 10766220,
        "netIncome": -114420,
        "period": "2022A",
        "fPeriodEndDate": 44742,
        "curCode": "AUD"
      },
      {
        "revenue": 8586460,
        "netIncome": -640050,
        "period": "2021A",
        "fPeriodEndDate": 44377,
        "curCode": "AUD"
      },
      {
        "revenue": 5811710,
        "netIncome": -111730,
        "period": "2020A",
        "fPeriodEndDate": 44012,
        "curCode": "AUD"
      },
      {
        "revenue": 6944680,
        "netIncome": 121150,
        "period": "2019A",
        "fPeriodEndDate": 43646,
        "curCode": "AUD"
      }
    ]
  },
  {
    "symbol": "VGL",
    "displayName": "VISTA GROUP INTERNATIONAL LIMITED.",
    "industry": "Software & Services",
    "dateListed": "2014-08-11",
    "marketCap": 336962574,
    "xid": "77350962",
    "priceChangeFiveDayPercent": 4.029304029304025,
    "isRecentListing": false,
    "priceAsk": 1.595,
    "priceBid": 1.4000000000000001,
    "priceChange": -0.025000000000000133,
    "priceChangePercent": -1.730103806228383,
    "priceLast": 1.42,
    "sector": "Information Technology",
    "industryGroup": "Software & Services",
    "securityType": 1,
    "volume": 750,
    "statusCode": "",
    "isin": "NZVGLE0003S1",
    "priceClose": 1.445,
    "priceDayHigh": 1.42,
    "priceDayLow": 1.42,
    "priceFiftyTwoWeekHigh": 2.61,
    "priceFiftyTwoWeekLow": 1.2,
    "volumeAverage": 19302.666667,
    "dateExDate": "2019-09-12",
    "datePayDate": "2019-09-27",
    "dateRecordDate": "2019-09-13",
    "dividend": 0.0095,
    "dividendType": "I",
    "frankingPercent": 0,
    "cashFlow": 0.4,
    "earningsPerShare": -0.10661,
    "freeCashFlowYield": -0.0000100000010000001,
    "priceEarningsRatio": -99999.99,
    "priceToCash": -99999.99,
    "foreignExempt": true,
    "shareDescription": "Ordinary Fully Paid Foreign Exempt Nzx",
    "numOfShares": 233192093,
    "yieldAnnual": 0,
    "incomeStatement": [
      {
        "revenue": 98100000,
        "netIncome": -9100000,
        "period": "2021A",
        "fPeriodEndDate": 44561,
        "curCode": "NZD"
      },
      {
        "revenue": 87500000,
        "netIncome": -51200000,
        "period": "2020A",
        "fPeriodEndDate": 44196,
        "curCode": "NZD"
      },
      {
        "revenue": 144500000,
        "netIncome": 10800000,
        "period": "2019A",
        "fPeriodEndDate": 43830,
        "curCode": "NZD"
      },
      {
        "revenue": 130700000,
        "netIncome": 12300000,
        "period": "2018A",
        "fPeriodEndDate": 43465,
        "curCode": "NZD"
      }
    ]
  },
  {
    "symbol": "W2V",
    "displayName": "WAY 2 VAT LTD.",
    "industry": "Software & Services",
    "dateListed": "2021-09-17",
    "marketCap": 5025049,
    "xid": "674482191",
    "priceChangeFiveDayPercent": -3.225806451612906,
    "isRecentListing": false,
    "priceAsk": 0.03,
    "priceBid": 0.026000000000000002,
    "priceChange": 0.003999999999999997,
    "priceChangePercent": 15.38461538461537,
    "priceLast": 0.03,
    "sector": "Information Technology",
    "industryGroup": "Software & Services",
    "securityType": 1,
    "volume": 106071,
    "statusCode": "",
    "isin": "IL0011795064",
    "priceClose": 0.026000000000000002,
    "priceDayHigh": 0.03,
    "priceDayLow": 0.028,
    "priceFiftyTwoWeekHigh": 0.22,
    "priceFiftyTwoWeekLow": 0.025,
    "volumeAverage": 527680.025974,
    "cashFlow": -6.85169,
    "earningsPerShare": -0.04563,
    "freeCashFlowYield": -0.0000100000010000001,
    "priceEarningsRatio": -99999.99,
    "priceToCash": -99999.99,
    "foreignExempt": false,
    "shareDescription": "Ordinary Fully Paid",
    "numOfShares": 193271128,
    "yieldAnnual": 0,
    "incomeStatement": [
      {
        "revenue": 1321000,
        "netIncome": -6381000,
        "period": "2021A",
        "fPeriodEndDate": 44561,
        "curCode": "USD"
      },
      {
        "revenue": 1034000,
        "netIncome": -2301000,
        "period": "2020A",
        "fPeriodEndDate": 44196,
        "curCode": "USD"
      },
      {
        "revenue": 408000,
        "netIncome": -3574000,
        "period": "2019A",
        "fPeriodEndDate": 43830,
        "curCode": "USD"
      },
      {
        "revenue": 287000,
        "netIncome": -3204000,
        "period": "2018A",
        "fPeriodEndDate": 43465,
        "curCode": "USD"
      }
    ]
  },
  {
    "symbol": "WCG",
    "displayName": "WEBCENTRAL LTD",
    "industry": "Software & Services",
    "dateListed": "1999-12-14",
    "marketCap": 47388362,
    "xid": "202072",
    "priceChangeFiveDayPercent": 17.85714285714285,
    "isRecentListing": false,
    "priceAsk": 0.17,
    "priceBid": 0.165,
    "priceChange": 0.020000000000000018,
    "priceChangePercent": 13.793103448275875,
    "priceLast": 0.165,
    "sector": "Information Technology",
    "industryGroup": "Software & Services",
    "securityType": 1,
    "volume": 655365,
    "upcomingEventName": "Annual General Meeting",
    "statusCode": "XD",
    "isin": "AU0000093031",
    "priceClose": 0.145,
    "priceDayHigh": 0.17,
    "priceDayLow": 0.15,
    "priceFiftyTwoWeekHigh": 0.53,
    "priceFiftyTwoWeekLow": 0.125,
    "volumeAverage": 489692.293478,
    "dateExDate": "2022-10-06",
    "datePayDate": "2022-11-04",
    "dateRecordDate": "2022-10-07",
    "dividend": 0.005,
    "dividendType": "F",
    "frankingPercent": 20,
    "cashFlow": -3.77,
    "earningsPerShare": -0.08578,
    "freeCashFlowYield": -0.0000100000010000001,
    "priceEarningsRatio": -99999.99,
    "priceToCash": -99999.99,
    "foreignExempt": false,
    "shareDescription": "Ordinary Fully Paid",
    "numOfShares": 326816292,
    "yieldAnnual": 193.93939393939394,
    "incomeStatement": [
      {
        "revenue": 93428000,
        "netIncome": -24883000,
        "period": "2022A",
        "fPeriodEndDate": 44742,
        "curCode": "AUD"
      },
      {
        "revenue": 78263000,
        "netIncome": -63080000,
        "period": "2021A",
        "fPeriodEndDate": 44377,
        "curCode": "AUD"
      },
      {
        "revenue": 83615000,
        "netIncome": -131303000,
        "period": "2019A",
        "fPeriodEndDate": 43830,
        "curCode": "AUD"
      },
      {
        "revenue": 100094000,
        "netIncome": -2457000,
        "period": "2018A",
        "fPeriodEndDate": 43465,
        "curCode": "AUD"
      }
    ]
  },
  {
    "symbol": "WSP",
    "displayName": "WHISPIR LIMITED",
    "industry": "Software & Services",
    "dateListed": "2019-06-19",
    "marketCap": 88009102,
    "xid": "539212566",
    "priceChangeFiveDayPercent": 7.1428571428571495,
    "isRecentListing": false,
    "priceAsk": 0.755,
    "priceBid": 0.745,
    "priceChange": 0.0050000000000000044,
    "priceChangePercent": 0.671140939597316,
    "priceLast": 0.75,
    "sector": "Information Technology",
    "industryGroup": "Software & Services",
    "securityType": 1,
    "volume": 69337,
    "statusCode": "",
    "isin": "AU0000047839",
    "priceClose": 0.745,
    "priceDayHigh": 0.795,
    "priceDayLow": 0.745,
    "priceFiftyTwoWeekHigh": 2.95,
    "priceFiftyTwoWeekLow": 0.69,
    "volumeAverage": 265747.945652,
    "cashFlow": -20.898,
    "earningsPerShare": -0.16531,
    "freeCashFlowYield": -0.0000100000010000001,
    "priceEarningsRatio": -99999.99,
    "priceToCash": -99999.99,
    "foreignExempt": false,
    "shareDescription": "Ordinary Fully Paid",
    "numOfShares": 118133023,
    "yieldAnnual": 0,
    "incomeStatement": [
      {
        "revenue": 70796000,
        "netIncome": -19436000,
        "period": "2022A",
        "fPeriodEndDate": 44742,
        "curCode": "AUD"
      },
      {
        "revenue": 47916000,
        "netIncome": -9654000,
        "period": "2021A",
        "fPeriodEndDate": 44377,
        "curCode": "AUD"
      },
      {
        "revenue": 39326000,
        "netIncome": -9874000,
        "period": "2020A",
        "fPeriodEndDate": 44012,
        "curCode": "AUD"
      },
      {
        "revenue": 31263000,
        "netIncome": -15282000,
        "period": "2019A",
        "fPeriodEndDate": 43646,
        "curCode": "AUD"
      }
    ]
  },
  {
    "symbol": "WTC",
    "displayName": "WISETECH GLOBAL LIMITED",
    "industry": "Software & Services",
    "dateListed": "2016-04-11",
    "marketCap": 18075101364,
    "xid": "339231743",
    "priceChangeFiveDayPercent": 0.8235724743777504,
    "isRecentListing": false,
    "priceAsk": 55.7,
    "priceBid": 53.75,
    "priceChange": -0.17999999999999972,
    "priceChangePercent": -0.3256739641758634,
    "priceLast": 55.09,
    "sector": "Information Technology",
    "industryGroup": "Software & Services",
    "securityType": 1,
    "volume": 468887,
    "upcomingEventName": "Annual General Meeting",
    "statusCode": "",
    "isin": "AU000000WTC3",
    "priceClose": 55.27,
    "priceDayHigh": 55.4,
    "priceDayLow": 53.550000000000004,
    "priceFiftyTwoWeekHigh": 63.37,
    "priceFiftyTwoWeekLow": 34.11,
    "volumeAverage": 601941.467391,
    "dateExDate": "2022-09-09",
    "datePayDate": "2022-10-07",
    "dateRecordDate": "2022-09-12",
    "dividend": 0.064,
    "dividendType": "F",
    "frankingPercent": 100,
    "cashFlow": 178,
    "earningsPerShare": 0.59682,
    "freeCashFlowYield": 0.01344068498031679,
    "priceEarningsRatio": 91.75296,
    "priceToCash": 74.40097,
    "foreignExempt": false,
    "shareDescription": "Ordinary Fully Paid",
    "numOfShares": 327032773,
    "yieldAnnual": 0.2023960791432201,
    "incomeStatement": [
      {
        "revenue": 632200000,
        "netIncome": 194700000,
        "period": "2022A",
        "fPeriodEndDate": 44742,
        "curCode": "AUD"
      },
      {
        "revenue": 507500000,
        "netIncome": 108000000,
        "period": "2021A",
        "fPeriodEndDate": 44377,
        "curCode": "AUD"
      },
      {
        "revenue": 429400000,
        "netIncome": 160800000,
        "period": "2020A",
        "fPeriodEndDate": 44012,
        "curCode": "AUD"
      },
      {
        "revenue": 348266000,
        "netIncome": 54120000,
        "period": "2019A",
        "fPeriodEndDate": 43646,
        "curCode": "AUD"
      }
    ]
  },
  {
    "symbol": "WOO",
    "displayName": "WOOBOARD TECHNOLOGIES LIMITED",
    "industry": "Software & Services",
    "dateListed": "2015-07-09",
    "marketCap": 3822163,
    "xid": "277599290",
    "priceChangeFiveDayPercent": 0,
    "isRecentListing": false,
    "priceAsk": 0.001,
    "priceChange": 0,
    "priceChangePercent": 0,
    "priceLast": 0.001,
    "sector": "Information Technology",
    "industryGroup": "Software & Services",
    "securityType": 1,
    "volume": 2009951,
    "statusCode": "",
    "isin": "AU0000132847",
    "priceClose": 0.001,
    "priceDayHigh": 0.001,
    "priceDayLow": 0.001,
    "priceFiftyTwoWeekHigh": 0.003,
    "priceFiftyTwoWeekLow": 0.001,
    "volumeAverage": 4266690.522727,
    "cashFlow": -2.81185,
    "earningsPerShare": -0.00057,
    "freeCashFlowYield": -0.0000100000010000001,
    "priceEarningsRatio": -99999.99,
    "priceToCash": -99999.99,
    "foreignExempt": false,
    "shareDescription": "Ordinary Fully Paid",
    "numOfShares": 3822162742,
    "yieldAnnual": 0,
    "incomeStatement": [
      {
        "revenue": 480280,
        "netIncome": -2173320,
        "period": "2022A",
        "fPeriodEndDate": 44742,
        "curCode": "AUD"
      },
      {
        "revenue": 144080,
        "netIncome": -2947860,
        "period": "2021A",
        "fPeriodEndDate": 44377,
        "curCode": "AUD"
      },
      {
        "revenue": 68000,
        "netIncome": -4738620,
        "period": "2020A",
        "fPeriodEndDate": 44012,
        "curCode": "AUD"
      },
      {
        "revenue": 127020,
        "netIncome": -993580,
        "period": "2019A",
        "fPeriodEndDate": 43646,
        "curCode": "AUD"
      }
    ]
  },
  {
    "symbol": "WRK",
    "displayName": "WRKR LTD",
    "industry": "Software & Services",
    "dateListed": "2016-12-19",
    "marketCap": 22021991,
    "xid": "373330958",
    "priceChangeFiveDayPercent": -9.52380952380953,
    "isRecentListing": false,
    "priceAsk": 0.019,
    "priceBid": 0.018000000000000002,
    "priceChange": 0.0009999999999999974,
    "priceChangePercent": 5.55555555555554,
    "priceLast": 0.019,
    "sector": "Information Technology",
    "industryGroup": "Software & Services",
    "securityType": 1,
    "volume": 76900,
    "statusCode": "",
    "isin": "AU0000192064",
    "priceClose": 0.018000000000000002,
    "priceDayHigh": 0.019,
    "priceDayLow": 0.019,
    "priceFiftyTwoWeekHigh": 0.027,
    "priceFiftyTwoWeekLow": 0.014,
    "volumeAverage": 378643.806452,
    "cashFlow": -2.0145,
    "earningsPerShare": -0.00355,
    "freeCashFlowYield": -0.0000100000010000001,
    "priceEarningsRatio": -99999.99,
    "priceToCash": -99999.99,
    "foreignExempt": false,
    "shareDescription": "Ordinary Fully Paid",
    "numOfShares": 1223443971,
    "yieldAnnual": 0,
    "incomeStatement": [
      {
        "revenue": 5379780,
        "netIncome": -4346890,
        "period": "2022A",
        "fPeriodEndDate": 44742,
        "curCode": "AUD"
      },
      {
        "revenue": 2103200,
        "netIncome": -3788970,
        "period": "2021A",
        "fPeriodEndDate": 44377,
        "curCode": "AUD"
      },
      {
        "revenue": 1499450,
        "netIncome": -3666010,
        "period": "2020A",
        "fPeriodEndDate": 44012,
        "curCode": "AUD"
      },
      {
        "revenue": 1820340,
        "netIncome": -13022080,
        "period": "2019A",
        "fPeriodEndDate": 43646,
        "curCode": "AUD"
      }
    ]
  },
  {
    "symbol": "XRO",
    "displayName": "XERO LIMITED",
    "industry": "Software & Services",
    "dateListed": "2012-11-08",
    "marketCap": 10807052256,
    "xid": "51013249",
    "priceChangeFiveDayPercent": -1.4811795080853423,
    "isRecentListing": false,
    "priceAsk": 72.66,
    "priceBid": 72.32000000000001,
    "priceChange": 0.5,
    "priceChangePercent": 0.6944444444444444,
    "priceLast": 72.5,
    "sector": "Information Technology",
    "industryGroup": "Software & Services",
    "securityType": 1,
    "volume": 803614,
    "upcomingEventName": "FY23 Half Year Results to 30 September 2022",
    "statusCode": "",
    "isin": "NZXROE0001S2",
    "priceClose": 72,
    "priceDayHigh": 72.535,
    "priceDayLow": 70.34,
    "priceFiftyTwoWeekHigh": 156.65,
    "priceFiftyTwoWeekLow": 70.34,
    "volumeAverage": 519815.358696,
    "cashFlow": -3.87269,
    "earningsPerShare": -0.05425,
    "freeCashFlowYield": 0.01352436224517397,
    "priceEarningsRatio": -99999.99,
    "priceToCash": 73.94064,
    "foreignExempt": false,
    "shareDescription": "Ordinary Fully Paid",
    "numOfShares": 150097948,
    "yieldAnnual": 0,
    "incomeStatement": [
      {
        "revenue": 1096819000,
        "netIncome": -9114000,
        "period": "2022A",
        "fPeriodEndDate": 44651,
        "curCode": "NZD"
      },
      {
        "revenue": 848782000,
        "netIncome": 19774000,
        "period": "2021A",
        "fPeriodEndDate": 44286,
        "curCode": "NZD"
      },
      {
        "revenue": 718231000,
        "netIncome": 3336000,
        "period": "2020A",
        "fPeriodEndDate": 43921,
        "curCode": "NZD"
      },
      {
        "revenue": 552819000,
        "netIncome": -27143000,
        "period": "2019A",
        "fPeriodEndDate": 43555,
        "curCode": "NZD"
      }
    ]
  },
  {
    "symbol": "XPN",
    "displayName": "XPON TECHNOLOGIES GROUP LIMITED",
    "industry": "Software & Services",
    "dateListed": "2021-12-16",
    "marketCap": 50095348,
    "xid": "691051128",
    "priceChangeFiveDayPercent": 0,
    "isRecentListing": false,
    "priceAsk": 0.165,
    "priceBid": 0.145,
    "priceChange": -0.0050000000000000044,
    "priceChangePercent": -3.030303030303033,
    "priceLast": 0.16,
    "sector": "Information Technology",
    "industryGroup": "Software & Services",
    "securityType": 1,
    "volume": 10192,
    "upcomingEventName": "2022 Annual General Meeting",
    "statusCode": "",
    "isin": "AU0000189664",
    "priceClose": 0.165,
    "priceDayHigh": 0.165,
    "priceDayLow": 0.16,
    "priceFiftyTwoWeekHigh": 0.285,
    "priceFiftyTwoWeekLow": 0.098,
    "volumeAverage": 102667,
    "cashFlow": -99999.99,
    "earningsPerShare": -99999.99,
    "freeCashFlowYield": -0.0000100000010000001,
    "priceEarningsRatio": -99999.99,
    "priceToCash": -99999.99,
    "foreignExempt": false,
    "shareDescription": "Ordinary Fully Paid",
    "numOfShares": 303608169,
    "yieldAnnual": 0,
    "incomeStatement": [
      {
        "revenue": 5439130,
        "netIncome": -1933050,
        "period": "2021A",
        "fPeriodEndDate": 44377,
        "curCode": "AUD"
      },
      {
        "revenue": 1715670,
        "netIncome": -1933840,
        "period": "2020A",
        "fPeriodEndDate": 44012,
        "curCode": "AUD"
      },
      {
        "revenue": 1226510,
        "netIncome": -1010150,
        "period": "2019A",
        "fPeriodEndDate": 43646,
        "curCode": "AUD"
      }
    ]
  },
  {
    "symbol": "XF1",
    "displayName": "XREF LIMITED",
    "industry": "Software & Services",
    "dateListed": "2007-04-18",
    "marketCap": 60507294,
    "xid": "6945232",
    "priceChangeFiveDayPercent": 0,
    "isRecentListing": false,
    "priceAsk": 0.34,
    "priceBid": 0.315,
    "priceChange": -0.010000000000000009,
    "priceChangePercent": -3.0769230769230798,
    "priceLast": 0.315,
    "sector": "Information Technology",
    "industryGroup": "Software & Services",
    "securityType": 1,
    "volume": 10779,
    "statusCode": "",
    "isin": "AU0000038531",
    "priceClose": 0.325,
    "priceDayHigh": 0.335,
    "priceDayLow": 0.315,
    "priceFiftyTwoWeekHigh": 0.8,
    "priceFiftyTwoWeekLow": 0.28,
    "volumeAverage": 60951.911111,
    "cashFlow": 3.16221,
    "earningsPerShare": 0.00328,
    "freeCashFlowYield": 0.022299591895168728,
    "priceEarningsRatio": 88.41463,
    "priceToCash": 44.84387,
    "foreignExempt": false,
    "shareDescription": "Ordinary Fully Paid",
    "numOfShares": 186176289,
    "yieldAnnual": 0,
    "incomeStatement": [
      {
        "revenue": 18591430,
        "netIncome": 729580,
        "period": "2022A",
        "fPeriodEndDate": 44742,
        "curCode": "AUD"
      },
      {
        "revenue": 12555710,
        "netIncome": 78080,
        "period": "2021A",
        "fPeriodEndDate": 44377,
        "curCode": "AUD"
      },
      {
        "revenue": 8028310,
        "netIncome": -10056090,
        "period": "2020A",
        "fPeriodEndDate": 44012,
        "curCode": "AUD"
      },
      {
        "revenue": 8048170,
        "netIncome": -8181830,
        "period": "2019A",
        "fPeriodEndDate": 43646,
        "curCode": "AUD"
      }
    ]
  },
  {
    "symbol": "YOJ",
    "displayName": "YOJEE LIMITED",
    "industry": "Software & Services",
    "dateListed": "2010-12-02",
    "marketCap": 60571495,
    "xid": "27155472",
    "priceChangeFiveDayPercent": -1.8867924528301774,
    "isRecentListing": false,
    "priceAsk": 0.053,
    "priceBid": 0.052000000000000005,
    "priceChange": -0.0015000000000000013,
    "priceChangePercent": -2.8037383177570114,
    "priceLast": 0.052000000000000005,
    "sector": "Information Technology",
    "industryGroup": "Software & Services",
    "securityType": 1,
    "volume": 867125,
    "statusCode": "",
    "isin": "AU000000YOJ5",
    "priceClose": 0.053500000000000006,
    "priceDayHigh": 0.053,
    "priceDayLow": 0.052000000000000005,
    "priceFiftyTwoWeekHigh": 0.225,
    "priceFiftyTwoWeekLow": 0.044,
    "volumeAverage": 612977.130435,
    "cashFlow": -7.48305,
    "earningsPerShare": -0.00751,
    "freeCashFlowYield": -0.0000100000010000001,
    "priceEarningsRatio": -99999.99,
    "priceToCash": -99999.99,
    "foreignExempt": false,
    "shareDescription": "Ordinary Fully Paid",
    "numOfShares": 1132177470,
    "yieldAnnual": 0,
    "incomeStatement": [
      {
        "revenue": 2162080,
        "netIncome": -8464860,
        "period": "2022A",
        "fPeriodEndDate": 44742,
        "curCode": "AUD"
      },
      {
        "revenue": 1159070,
        "netIncome": -11305730,
        "period": "2021A",
        "fPeriodEndDate": 44377,
        "curCode": "AUD"
      },
      {
        "revenue": 676750,
        "netIncome": -6163840,
        "period": "2020A",
        "fPeriodEndDate": 44012,
        "curCode": "AUD"
      },
      {
        "revenue": 574560,
        "netIncome": -3716380,
        "period": "2019A",
        "fPeriodEndDate": 43646,
        "curCode": "AUD"
      }
    ]
  },
  {
    "symbol": "Z2U",
    "displayName": "ZOOM2U TECHNOLOGIES LIMITED",
    "industry": "Software & Services",
    "dateListed": "2021-09-10",
    "marketCap": 20799952,
    "xid": "674510117",
    "priceChangeFiveDayPercent": -11.538461538461538,
    "isRecentListing": false,
    "priceAsk": 0.115,
    "priceBid": 0.11,
    "priceChange": -0.0049999999999999906,
    "priceChangePercent": -4.166666666666659,
    "priceLast": 0.115,
    "sector": "Information Technology",
    "industryGroup": "Software & Services",
    "securityType": 1,
    "volume": 1504557,
    "statusCode": "",
    "isin": "AU0000169906",
    "priceClose": 0.12,
    "priceDayHigh": 0.12,
    "priceDayLow": 0.1125,
    "priceFiftyTwoWeekHigh": 0.62,
    "priceFiftyTwoWeekLow": 0.11,
    "volumeAverage": 105379.82716,
    "cashFlow": -5.55534,
    "earningsPerShare": -0.02973,
    "freeCashFlowYield": -0.0000100000010000001,
    "priceEarningsRatio": -99999.99,
    "priceToCash": -99999.99,
    "foreignExempt": false,
    "shareDescription": "Ordinary Fully Paid",
    "numOfShares": 173332932,
    "yieldAnnual": 0,
    "incomeStatement": [
      {
        "revenue": 4633190,
        "netIncome": -4903640,
        "period": "2022A",
        "fPeriodEndDate": 44742,
        "curCode": "AUD"
      },
      {
        "revenue": 2913660,
        "netIncome": -1081340,
        "period": "2021A",
        "fPeriodEndDate": 44377,
        "curCode": "AUD"
      },
      {
        "revenue": 2408010,
        "netIncome": -905420,
        "period": "2020A",
        "fPeriodEndDate": 44012,
        "curCode": "AUD"
      },
      {
        "revenue": 2243330,
        "netIncome": -3779850,
        "period": "2019A",
        "fPeriodEndDate": 43646,
        "curCode": "AUD"
      }
    ]
  }
]