[
  {
    "symbol": "AX1",
    "displayName": "ACCENT GROUP LIMITED",
    "industry": "Retailing",
    "dateListed": "2004-07-07",
    "marketCap": 685461394,
    "xid": "239745",
    "priceChangeFiveDayPercent": -10.320284697508898,
    "isRecentListing": false,
    "priceAsk": 1.2650000000000001,
    "priceBid": 1.26,
    "priceChange": -0.0050000000000001155,
    "priceChangePercent": -0.39525691699605653,
    "priceLast": 1.26,
    "sector": "Consumer Discretionary",
    "industryGroup": "Retailing",
    "securityType": 1,
    "volume": 388953,
    "statusCode": "",
    "isin": "AU000000AX19",
    "priceClose": 1.2650000000000001,
    "priceDayHigh": 1.28,
    "priceDayLow": 1.2550000000000001,
    "priceFiftyTwoWeekHigh": 2.77,
    "priceFiftyTwoWeekLow": 1.14,
    "volumeAverage": 912153.978723,
    "dateExDate": "2022-08-31",
    "datePayDate": "2022-09-15",
    "dateRecordDate": "2022-09-01",
    "dividend": 0.04,
    "dividendType": "F",
    "frankingPercent": 100,
    "cashFlow": 63.292,
    "earningsPerShare": 0.0559,
    "freeCashFlowYield": 0.2666133439978671,
    "priceEarningsRatio": 22.6297,
    "priceToCash": 3.75075,
    "foreignExempt": false,
    "shareDescription": "Ordinary Fully Paid",
    "numOfShares": 541866715,
    "yieldAnnual": 5.158730158730158,
    "incomeStatement": [
      {
        "revenue": 1130583000,
        "netIncome": 31464000,
        "period": "2022A",
        "fPeriodEndDate": 44738,
        "curCode": "AUD"
      },
      {
        "revenue": 993751000,
        "netIncome": 76923000,
        "period": "2021A",
        "fPeriodEndDate": 44374,
        "curCode": "AUD"
      },
      {
        "revenue": 831056000,
        "netIncome": 55682000,
        "period": "2020A",
        "fPeriodEndDate": 44010,
        "curCode": "AUD"
      },
      {
        "revenue": 796732000,
        "netIncome": 53869000,
        "period": "2019A",
        "fPeriodEndDate": 43646,
        "curCode": "AUD"
      }
    ]
  },
  {
    "symbol": "ADH",
    "displayName": "ADAIRS LIMITED",
    "industry": "Retailing",
    "dateListed": "2015-06-17",
    "marketCap": 313509072,
    "xid": "275023982",
    "priceChangeFiveDayPercent": -10.396039603960395,
    "isRecentListing": false,
    "priceAsk": 1.82,
    "priceBid": 1.7850000000000001,
    "priceChange": -0.020000000000000018,
    "priceChangePercent": -1.092896174863389,
    "priceLast": 1.81,
    "sector": "Consumer Discretionary",
    "industryGroup": "Retailing",
    "securityType": 1,
    "volume": 382837,
    "statusCode": "XD",
    "isin": "AU000000ADH2",
    "priceClose": 1.83,
    "priceDayHigh": 1.82,
    "priceDayLow": 1.77,
    "priceFiftyTwoWeekHigh": 4.19,
    "priceFiftyTwoWeekLow": 1.65,
    "volumeAverage": 877982.159574,
    "dateExDate": "2022-09-05",
    "datePayDate": "2022-09-23",
    "dateRecordDate": "2022-09-06",
    "dividend": 0.1,
    "dividendType": "I",
    "frankingPercent": 100,
    "cashFlow": 22.787,
    "earningsPerShare": 0.25939,
    "freeCashFlowYield": 0.3067917558919357,
    "priceEarningsRatio": 7.05501,
    "priceToCash": 3.25954,
    "foreignExempt": false,
    "shareDescription": "Ordinary Fully Paid",
    "numOfShares": 171316433,
    "yieldAnnual": 9.944751381215468,
    "incomeStatement": [
      {
        "revenue": 564476000,
        "netIncome": 44890000,
        "period": "2022A",
        "fPeriodEndDate": 44738,
        "curCode": "AUD"
      },
      {
        "revenue": 499762000,
        "netIncome": 63742000,
        "period": "2021A",
        "fPeriodEndDate": 44374,
        "curCode": "AUD"
      },
      {
        "revenue": 388933000,
        "netIncome": 35281000,
        "period": "2020A",
        "fPeriodEndDate": 44010,
        "curCode": "AUD"
      },
      {
        "revenue": 344430000,
        "netIncome": 29643000,
        "period": "2019A",
        "fPeriodEndDate": 43646,
        "curCode": "AUD"
      }
    ]
  },
  {
    "symbol": "ABY",
    "displayName": "ADORE BEAUTY GROUP LIMITED",
    "industry": "Retailing",
    "dateListed": "2020-10-23",
    "marketCap": 144481103,
    "xid": "622595226",
    "priceChangeFiveDayPercent": -16.666666666666668,
    "isRecentListing": false,
    "priceAsk": 1.5,
    "priceBid": 1.425,
    "priceChange": -0.08500000000000019,
    "priceChangePercent": -5.5374592833876335,
    "priceLast": 1.45,
    "sector": "Consumer Discretionary",
    "industryGroup": "Retailing",
    "securityType": 1,
    "volume": 65204,
    "statusCode": "",
    "isin": "AU0000109506",
    "priceClose": 1.5350000000000001,
    "priceDayHigh": 1.585,
    "priceDayLow": 1.44,
    "priceFiftyTwoWeekHigh": 5.25,
    "priceFiftyTwoWeekLow": 0.975,
    "volumeAverage": 303916.117021,
    "cashFlow": 1.323,
    "earningsPerShare": 0.02509,
    "freeCashFlowYield": 0.029297950784130354,
    "priceEarningsRatio": 61.17975,
    "priceToCash": 34.13208,
    "foreignExempt": false,
    "shareDescription": "Ordinary Fully Paid",
    "numOfShares": 94124497,
    "yieldAnnual": 0,
    "incomeStatement": [
      {
        "revenue": 199660000,
        "netIncome": 2377000,
        "period": "2022A",
        "fPeriodEndDate": 44742,
        "curCode": "AUD"
      },
      {
        "revenue": 179277000,
        "netIncome": 845000,
        "period": "2021A",
        "fPeriodEndDate": 44377,
        "curCode": "AUD"
      },
      {
        "revenue": 121142080,
        "netIncome": -1229100,
        "period": "2020A",
        "fPeriodEndDate": 44012,
        "curCode": "AUD"
      },
      {
        "revenue": 73186510,
        "netIncome": 951190,
        "period": "2019A",
        "fPeriodEndDate": 43646,
        "curCode": "AUD"
      }
    ]
  },
  {
    "symbol": "AUK",
    "displayName": "AUMAKE LIMITED.",
    "industry": "Retailing",
    "dateListed": "2011-12-07",
    "marketCap": 4242958,
    "xid": "39706329",
    "priceChangeFiveDayPercent": 0,
    "isRecentListing": false,
    "priceAsk": 0.006,
    "priceBid": 0.005,
    "priceChange": -0.0005000000000000004,
    "priceChangePercent": -9.090909090909099,
    "priceLast": 0.005,
    "sector": "Consumer Discretionary",
    "industryGroup": "Retailing",
    "securityType": 1,
    "volume": 32000,
    "statusCode": "",
    "isin": "AU0000123432",
    "priceClose": 0.0055000000000000005,
    "priceDayHigh": 0.005,
    "priceDayLow": 0.005,
    "priceFiftyTwoWeekHigh": 0.03,
    "priceFiftyTwoWeekLow": 0.0035,
    "volumeAverage": 2146224.666667,
    "dateExDate": "2014-08-13",
    "datePayDate": "2014-09-16",
    "dateRecordDate": "2014-08-15",
    "dividend": 0.04,
    "dividendType": "F",
    "frankingPercent": 100,
    "cashFlow": -6.2559,
    "earningsPerShare": -0.00856,
    "freeCashFlowYield": -0.0000100000010000001,
    "priceEarningsRatio": -99999.99,
    "priceToCash": -99999.99,
    "foreignExempt": false,
    "shareDescription": "Ordinary Fully Paid",
    "numOfShares": 771446924,
    "yieldAnnual": 0,
    "incomeStatement": [
      {
        "revenue": 6879210,
        "netIncome": -6180760,
        "period": "2022A",
        "fPeriodEndDate": 44742,
        "curCode": "AUD"
      },
      {
        "revenue": 14337720,
        "netIncome": -20118890,
        "period": "2021A",
        "fPeriodEndDate": 44377,
        "curCode": "AUD"
      },
      {
        "revenue": 61319690,
        "netIncome": -5147950,
        "period": "2020A",
        "fPeriodEndDate": 44012,
        "curCode": "AUD"
      },
      {
        "revenue": 44511620,
        "netIncome": -7757240,
        "period": "2019A",
        "fPeriodEndDate": 43646,
        "curCode": "AUD"
      }
    ]
  },
  {
    "symbol": "ASG",
    "displayName": "AUTOSPORTS GROUP LIMITED.",
    "industry": "Retailing",
    "dateListed": "2016-11-16",
    "marketCap": 440190000,
    "xid": "371017435",
    "priceChangeFiveDayPercent": 2.7906976744186074,
    "isRecentListing": false,
    "priceAsk": 2.22,
    "priceBid": 2.14,
    "priceChange": 0.020000000000000018,
    "priceChangePercent": 0.9132420091324209,
    "priceLast": 2.21,
    "sector": "Consumer Discretionary",
    "industryGroup": "Retailing",
    "securityType": 1,
    "volume": 159314,
    "statusCode": "CD",
    "isin": "AU000000ASG2",
    "priceClose": 2.19,
    "priceDayHigh": 2.21,
    "priceDayLow": 2.15,
    "priceFiftyTwoWeekHigh": 2.63,
    "priceFiftyTwoWeekLow": 1.38,
    "volumeAverage": 65268.120879,
    "dateExDate": "2022-10-31",
    "datePayDate": "2022-11-15",
    "dateRecordDate": "2022-11-01",
    "dividend": 0.09,
    "dividendType": "F",
    "frankingPercent": 100,
    "cashFlow": 37.767,
    "earningsPerShare": 0.26292,
    "freeCashFlowYield": 0.24289295221809845,
    "priceEarningsRatio": 8.32953,
    "priceToCash": 4.11704,
    "foreignExempt": false,
    "shareDescription": "Ordinary Fully Paid",
    "numOfShares": 201000000,
    "yieldAnnual": 0,
    "incomeStatement": [
      {
        "revenue": 1875962000,
        "netIncome": 53376000,
        "period": "2022A",
        "fPeriodEndDate": 44742,
        "curCode": "AUD"
      },
      {
        "revenue": 1978415000,
        "netIncome": 41932000,
        "period": "2021A",
        "fPeriodEndDate": 44377,
        "curCode": "AUD"
      },
      {
        "revenue": 1701706000,
        "netIncome": -102446000,
        "period": "2020A",
        "fPeriodEndDate": 44012,
        "curCode": "AUD"
      },
      {
        "revenue": 1693640000,
        "netIncome": 11218000,
        "period": "2019A",
        "fPeriodEndDate": 43646,
        "curCode": "AUD"
      }
    ]
  },
  {
    "symbol": "BBN",
    "displayName": "BABY BUNTING GROUP LIMITED",
    "industry": "Retailing",
    "dateListed": "2015-10-14",
    "marketCap": 545727479,
    "xid": "308353064",
    "priceChangeFiveDayPercent": -4.038004750593823,
    "isRecentListing": false,
    "priceAsk": 4.2,
    "priceBid": 4.01,
    "priceChange": -0.08000000000000007,
    "priceChangePercent": -1.9417475728155356,
    "priceLast": 4.04,
    "sector": "Consumer Discretionary",
    "industryGroup": "Retailing",
    "securityType": 1,
    "volume": 149705,
    "statusCode": "",
    "isin": "AU000000BBN2",
    "priceClose": 4.12,
    "priceDayHigh": 4.14,
    "priceDayLow": 4.01,
    "priceFiftyTwoWeekHigh": 5.99,
    "priceFiftyTwoWeekLow": 3.5,
    "volumeAverage": 265683.638298,
    "dateExDate": "2022-08-25",
    "datePayDate": "2022-09-09",
    "dateRecordDate": "2022-08-26",
    "dividend": 0.09,
    "dividendType": "F",
    "frankingPercent": 100,
    "cashFlow": 20.234,
    "earningsPerShare": 0.14323,
    "freeCashFlowYield": 0.07010459605731752,
    "priceEarningsRatio": 28.76492,
    "priceToCash": 14.2644,
    "foreignExempt": false,
    "shareDescription": "Ordinary Fully Paid",
    "numOfShares": 132458126,
    "yieldAnnual": 3.8613861386138617,
    "incomeStatement": [
      {
        "revenue": 507274000,
        "netIncome": 19521000,
        "period": "2022A",
        "fPeriodEndDate": 44738,
        "curCode": "AUD"
      },
      {
        "revenue": 468377000,
        "netIncome": 17039000,
        "period": "2021A",
        "fPeriodEndDate": 44374,
        "curCode": "AUD"
      },
      {
        "revenue": 405180000,
        "netIncome": 9986000,
        "period": "2020A",
        "fPeriodEndDate": 44010,
        "curCode": "AUD"
      },
      {
        "revenue": 368023000,
        "netIncome": 11646000,
        "period": "2019A",
        "fPeriodEndDate": 43646,
        "curCode": "AUD"
      }
    ]
  },
  {
    "symbol": "BAP",
    "displayName": "BAPCOR LIMITED",
    "industry": "Retailing",
    "dateListed": "2014-04-24",
    "marketCap": 2301216750,
    "xid": "74087881",
    "priceChangeFiveDayPercent": -2.4745269286753993,
    "isRecentListing": false,
    "priceAsk": 6.75,
    "priceBid": 6.66,
    "priceChange": -0.08000000000000007,
    "priceChangePercent": -1.1799410029498536,
    "priceLast": 6.7,
    "sector": "Consumer Discretionary",
    "industryGroup": "Retailing",
    "securityType": 1,
    "volume": 698368,
    "statusCode": "",
    "isin": "AU000000BAP9",
    "priceClose": 6.78,
    "priceDayHigh": 6.76,
    "priceDayLow": 6.66,
    "priceFiftyTwoWeekHigh": 8.37,
    "priceFiftyTwoWeekLow": 5.445,
    "volumeAverage": 1136072.010638,
    "dateExDate": "2022-08-30",
    "datePayDate": "2022-09-16",
    "dateRecordDate": "2022-08-31",
    "dividend": 0.115,
    "dividendType": "F",
    "frankingPercent": 100,
    "cashFlow": -23.855,
    "earningsPerShare": 0.36922,
    "freeCashFlowYield": 0.0931411768760263,
    "priceEarningsRatio": 18.36304,
    "priceToCash": 10.73639,
    "foreignExempt": false,
    "shareDescription": "Ordinary Fully Paid",
    "numOfShares": 339412500,
    "yieldAnnual": 3.2089552238805967,
    "incomeStatement": [
      {
        "revenue": 1841905000,
        "netIncome": 125759000,
        "period": "2022A",
        "fPeriodEndDate": 44742,
        "curCode": "AUD"
      },
      {
        "revenue": 1761673000,
        "netIncome": 118765000,
        "period": "2021A",
        "fPeriodEndDate": 44377,
        "curCode": "AUD"
      },
      {
        "revenue": 1462747000,
        "netIncome": 79172000,
        "period": "2020A",
        "fPeriodEndDate": 44012,
        "curCode": "AUD"
      },
      {
        "revenue": 1296582000,
        "netIncome": 96978000,
        "period": "2019A",
        "fPeriodEndDate": 43646,
        "curCode": "AUD"
      }
    ]
  },
  {
    "symbol": "BLX",
    "displayName": "BEACON LIGHTING GROUP LIMITED",
    "industry": "Retailing",
    "dateListed": "2014-04-15",
    "marketCap": 511406020,
    "xid": "73850034",
    "priceChangeFiveDayPercent": 1.3513513513513424,
    "isRecentListing": false,
    "priceAsk": 2.25,
    "priceBid": 2.14,
    "priceChange": -0.040000000000000036,
    "priceChangePercent": -1.746724890829696,
    "priceLast": 2.25,
    "sector": "Consumer Discretionary",
    "industryGroup": "Retailing",
    "securityType": 1,
    "volume": 42446,
    "statusCode": "",
    "isin": "AU000000BLX0",
    "priceClose": 2.29,
    "priceDayHigh": 2.2800000000000002,
    "priceDayLow": 2.23,
    "priceFiftyTwoWeekHigh": 3.39,
    "priceFiftyTwoWeekLow": 1.66,
    "volumeAverage": 83749.276596,
    "dateExDate": "2022-09-08",
    "datePayDate": "2022-09-20",
    "dateRecordDate": "2022-09-09",
    "dividend": 0.05,
    "dividendType": "F",
    "frankingPercent": 100,
    "cashFlow": 22.929,
    "earningsPerShare": 0.18237,
    "freeCashFlowYield": 0.1361813390711071,
    "priceEarningsRatio": 12.55689,
    "priceToCash": 7.34315,
    "foreignExempt": false,
    "shareDescription": "Ordinary Fully Paid",
    "numOfShares": 223321406,
    "yieldAnnual": 4.133333333333334,
    "incomeStatement": [
      {
        "revenue": 304793000,
        "netIncome": 40726000,
        "period": "2022A",
        "fPeriodEndDate": 44738,
        "curCode": "AUD"
      },
      {
        "revenue": 289314000,
        "netIncome": 37658000,
        "period": "2021A",
        "fPeriodEndDate": 44374,
        "curCode": "AUD"
      },
      {
        "revenue": 252549000,
        "netIncome": 22225000,
        "period": "2020A",
        "fPeriodEndDate": 44010,
        "curCode": "AUD"
      },
      {
        "revenue": 247679000,
        "netIncome": 16044000,
        "period": "2019A",
        "fPeriodEndDate": 43646,
        "curCode": "AUD"
      }
    ]
  },
  {
    "symbol": "BST",
    "displayName": "BEST & LESS GROUP HOLDINGS LTD",
    "industry": "Retailing",
    "dateListed": "2021-07-26",
    "marketCap": 279568254,
    "xid": "666709492",
    "priceChangeFiveDayPercent": -10.245901639344263,
    "isRecentListing": false,
    "priceAsk": 2.24,
    "priceBid": 2.19,
    "priceChange": -0.040000000000000036,
    "priceChangePercent": -1.793721973094172,
    "priceLast": 2.19,
    "sector": "Consumer Discretionary",
    "industryGroup": "Retailing",
    "securityType": 1,
    "volume": 127365,
    "statusCode": "XD",
    "isin": "AU0000160798",
    "priceClose": 2.23,
    "priceDayHigh": 2.24,
    "priceDayLow": 2.17,
    "priceFiftyTwoWeekHigh": 4.45,
    "priceFiftyTwoWeekLow": 1.9,
    "volumeAverage": 115871.419355,
    "dateExDate": "2022-09-15",
    "datePayDate": "2022-09-30",
    "dateRecordDate": "2022-09-16",
    "dividend": 0.12,
    "dividendType": "I",
    "frankingPercent": 100,
    "cashFlow": -99999.99,
    "earningsPerShare": -99999.99,
    "freeCashFlowYield": -0.0000100000010000001,
    "priceEarningsRatio": -99999.99,
    "priceToCash": -99999.99,
    "foreignExempt": false,
    "shareDescription": "Ordinary Fully Paid",
    "numOfShares": 125366930,
    "yieldAnnual": 0,
    "incomeStatement": [
      {
        "revenue": 622181000,
        "netIncome": 36113000,
        "period": "2022A",
        "fPeriodEndDate": 44739,
        "curCode": "AUD"
      },
      {
        "revenue": 576071000,
        "netIncome": 81229000,
        "period": "2021A",
        "fPeriodEndDate": 44374,
        "curCode": "AUD"
      }
    ]
  },
  {
    "symbol": "BEX",
    "displayName": "BIKEEXCHANGE LIMITED",
    "industry": "Retailing",
    "dateListed": "2021-02-09",
    "marketCap": 12680583,
    "xid": "636110447",
    "priceChangeFiveDayPercent": -5.000000000000004,
    "isRecentListing": false,
    "priceAsk": 0.021,
    "priceBid": 0.019,
    "priceChange": -0.0010000000000000009,
    "priceChangePercent": -5.000000000000004,
    "priceLast": 0.019,
    "sector": "Consumer Discretionary",
    "industryGroup": "Retailing",
    "securityType": 1,
    "volume": 100000,
    "statusCode": "",
    "isin": "AU0000130130",
    "priceClose": 0.02,
    "priceDayHigh": 0.019,
    "priceDayLow": 0.019,
    "priceFiftyTwoWeekHigh": 0.15438,
    "priceFiftyTwoWeekLow": 0.016,
    "volumeAverage": 1177251.986737,
    "cashFlow": -12.77513,
    "earningsPerShare": -0.05106,
    "freeCashFlowYield": -0.0000100000010000001,
    "priceEarningsRatio": -99999.99,
    "priceToCash": -99999.99,
    "foreignExempt": false,
    "shareDescription": "Ordinary Fully Paid",
    "numOfShares": 634029135,
    "yieldAnnual": 0,
    "incomeStatement": [
      {
        "revenue": 6576090,
        "netIncome": -14320200,
        "period": "2022A",
        "fPeriodEndDate": 44742,
        "curCode": "AUD"
      },
      {
        "revenue": 4459730,
        "netIncome": -11122030,
        "period": "2021A",
        "fPeriodEndDate": 44377,
        "curCode": "AUD"
      },
      {
        "revenue": 0,
        "netIncome": -63350,
        "period": "2020A",
        "fPeriodEndDate": 44012,
        "curCode": "AUD"
      },
      {
        "revenue": 0,
        "netIncome": -153670,
        "period": "2019A",
        "fPeriodEndDate": 43646,
        "curCode": "AUD"
      }
    ]
  },
  {
    "symbol": "BOD",
    "displayName": "BOD AUSTRALIA LIMITED.",
    "industry": "Retailing",
    "dateListed": "2016-10-27",
    "marketCap": 10061311,
    "xid": "368583474",
    "priceChangeFiveDayPercent": 0,
    "isRecentListing": false,
    "priceAsk": 0.085,
    "priceBid": 0.082,
    "priceChange": 0,
    "priceChangePercent": 0,
    "priceLast": 0.082,
    "sector": "Health Care",
    "industryGroup": "Pharmaceuticals, Biotechnology & Life Sciences",
    "securityType": 1,
    "volume": 1000,
    "statusCode": "XE",
    "isin": "AU0000181331",
    "priceClose": 0.082,
    "priceDayHigh": 0.082,
    "priceDayLow": 0.082,
    "priceFiftyTwoWeekHigh": 0.31574,
    "priceFiftyTwoWeekLow": 0.06512,
    "volumeAverage": 193526.971422,
    "cashFlow": -4.19574,
    "earningsPerShare": -0.05036,
    "freeCashFlowYield": -0.0000100000010000001,
    "priceEarningsRatio": -99999.99,
    "priceToCash": -99999.99,
    "foreignExempt": false,
    "shareDescription": "Ordinary Fully Paid",
    "numOfShares": 122698920,
    "yieldAnnual": 0,
    "incomeStatement": [
      {
        "revenue": 5085600,
        "netIncome": -5406540,
        "period": "2022A",
        "fPeriodEndDate": 44742,
        "curCode": "AUD"
      },
      {
        "revenue": 7439510,
        "netIncome": -4226110,
        "period": "2021A",
        "fPeriodEndDate": 44377,
        "curCode": "AUD"
      },
      {
        "revenue": 6001230,
        "netIncome": -4819140,
        "period": "2020A",
        "fPeriodEndDate": 44012,
        "curCode": "AUD"
      },
      {
        "revenue": 1344350,
        "netIncome": -7623570,
        "period": "2019A",
        "fPeriodEndDate": 43646,
        "curCode": "AUD"
      }
    ]
  },
  {
    "symbol": "BKG",
    "displayName": "BOOKTOPIA GROUP LIMITED",
    "industry": "Retailing",
    "dateListed": "2020-12-03",
    "marketCap": 35713418,
    "xid": "627696750",
    "priceChangeFiveDayPercent": 0,
    "isRecentListing": false,
    "priceAsk": 0.28,
    "priceBid": 0.24,
    "priceChange": -0.010000000000000009,
    "priceChangePercent": -3.8461538461538494,
    "priceLast": 0.25,
    "sector": "Consumer Discretionary",
    "industryGroup": "Retailing",
    "securityType": 1,
    "volume": 32245,
    "statusCode": "",
    "isin": "AU0000114977",
    "priceClose": 0.26,
    "priceDayHigh": 0.25,
    "priceDayLow": 0.24,
    "priceFiftyTwoWeekHigh": 2.72,
    "priceFiftyTwoWeekLow": 0.17,
    "volumeAverage": 510318.425532,
    "cashFlow": 2.03,
    "earningsPerShare": -0.11025,
    "freeCashFlowYield": -0.0000100000010000001,
    "priceEarningsRatio": -99999.99,
    "priceToCash": -99999.99,
    "foreignExempt": false,
    "shareDescription": "Ordinary Fully Paid",
    "numOfShares": 137359299,
    "yieldAnnual": 0,
    "incomeStatement": [
      {
        "revenue": 240751000,
        "netIncome": -15087000,
        "period": "2022A",
        "fPeriodEndDate": 44742,
        "curCode": "AUD"
      },
      {
        "revenue": 223886000,
        "netIncome": -18078000,
        "period": "2021A",
        "fPeriodEndDate": 44377,
        "curCode": "AUD"
      },
      {
        "revenue": 165678000,
        "netIncome": 196000,
        "period": "2020A",
        "fPeriodEndDate": 44012,
        "curCode": "AUD"
      },
      {
        "revenue": 129113000,
        "netIncome": 25000,
        "period": "2019A",
        "fPeriodEndDate": 43646,
        "curCode": "AUD"
      }
    ]
  },
  {
    "symbol": "BGP",
    "displayName": "BRISCOE GROUP AUSTRALASIA LIMITED",
    "industry": "Retailing",
    "dateListed": "2017-07-20",
    "marketCap": 1142171856,
    "xid": "417550502",
    "priceChangeFiveDayPercent": 3.0120481927710734,
    "isRecentListing": false,
    "priceAsk": 5.08,
    "priceBid": 4.7,
    "priceChange": 0,
    "priceChangePercent": 0,
    "priceLast": 5.13,
    "sector": "Consumer Discretionary",
    "industryGroup": "Retailing",
    "securityType": 1,
    "volume": 0,
    "statusCode": "XD",
    "isin": "NZBGRE0001S4",
    "priceClose": 5.13,
    "priceFiftyTwoWeekHigh": 5.13,
    "priceFiftyTwoWeekLow": 4.7,
    "volumeAverage": 1494.333333,
    "dateExDate": "2022-09-20",
    "datePayDate": "2022-10-12",
    "dateRecordDate": "2022-09-21",
    "dividend": 0.107,
    "dividendType": "I",
    "frankingPercent": 0,
    "cashFlow": 22.21,
    "earningsPerShare": 0.3862,
    "freeCashFlowYield": 0.09988622958450326,
    "priceEarningsRatio": 13.93061,
    "priceToCash": 10.01139,
    "foreignExempt": true,
    "shareDescription": "Ordinary Fully Paid Foreign Exempt Nzx",
    "numOfShares": 222645586,
    "yieldAnnual": 0,
    "incomeStatement": [
      {
        "revenue": 744450000,
        "netIncome": 87909000,
        "period": "2022A",
        "fPeriodEndDate": 44591,
        "curCode": "NZD"
      },
      {
        "revenue": 701797000,
        "netIncome": 73199000,
        "period": "2021A",
        "fPeriodEndDate": 44227,
        "curCode": "NZD"
      },
      {
        "revenue": 653017000,
        "netIncome": 62583000,
        "period": "2020A",
        "fPeriodEndDate": 43856,
        "curCode": "NZD"
      },
      {
        "revenue": 631919000,
        "netIncome": 63393000,
        "period": "2019A",
        "fPeriodEndDate": 43492,
        "curCode": "NZD"
      }
    ]
  },
  {
    "symbol": "CL8",
    "displayName": "CARLY HOLDINGS LIMITED",
    "industry": "Retailing",
    "dateListed": "1996-09-09",
    "marketCap": 4536557,
    "xid": "630588434",
    "priceChangeFiveDayPercent": 0,
    "isRecentListing": false,
    "priceAsk": 0.038,
    "priceBid": 0.03,
    "priceChange": 0,
    "priceChangePercent": 0,
    "priceLast": 0.039,
    "sector": "Consumer Discretionary",
    "industryGroup": "Retailing",
    "securityType": 1,
    "volume": 0,
    "upcomingEventName": "Annual General Meeting",
    "statusCode": "",
    "isin": "AU000000CL86",
    "priceClose": 0.039,
    "priceFiftyTwoWeekHigh": 0.063,
    "priceFiftyTwoWeekLow": 0.024,
    "volumeAverage": 86631.72973,
    "cashFlow": -3.03643,
    "earningsPerShare": -0.02671,
    "freeCashFlowYield": -0.0000100000010000001,
    "priceEarningsRatio": -99999.99,
    "priceToCash": -99999.99,
    "foreignExempt": false,
    "shareDescription": "Ordinary Fully Paid",
    "numOfShares": 116321978,
    "yieldAnnual": 0,
    "incomeStatement": [
      {
        "revenue": 1253760,
        "netIncome": -3007510,
        "period": "2022A",
        "fPeriodEndDate": 44742,
        "curCode": "AUD"
      },
      {
        "revenue": 996840,
        "netIncome": -3356580,
        "period": "2021A",
        "fPeriodEndDate": 44377,
        "curCode": "AUD"
      },
      {
        "revenue": 1196200,
        "netIncome": -5370290,
        "period": "2020A",
        "fPeriodEndDate": 44012,
        "curCode": "AUD"
      },
      {
        "revenue": 1034210,
        "netIncome": -3235750,
        "period": "2019A",
        "fPeriodEndDate": 43646,
        "curCode": "AUD"
      }
    ]
  },
  {
    "symbol": "CTT",
    "displayName": "CETTIRE LIMITED",
    "industry": "Retailing",
    "dateListed": "2020-12-18",
    "marketCap": 354551545,
    "xid": "631703762",
    "priceChangeFiveDayPercent": -12.5,
    "isRecentListing": false,
    "priceAsk": 0.885,
    "priceBid": 0.87,
    "priceChange": -0.05500000000000005,
    "priceChangePercent": -5.913978494623661,
    "priceLast": 0.875,
    "sector": "Consumer Discretionary",
    "industryGroup": "Retailing",
    "securityType": 1,
    "volume": 670153,
    "statusCode": "",
    "isin": "AU0000122210",
    "priceClose": 0.93,
    "priceDayHigh": 0.93,
    "priceDayLow": 0.87,
    "priceFiftyTwoWeekHigh": 4.805,
    "priceFiftyTwoWeekLow": 0.33,
    "volumeAverage": 1331130.829787,
    "cashFlow": -23.04925,
    "earningsPerShare": -0.05,
    "freeCashFlowYield": -0.0000100000010000001,
    "priceEarningsRatio": -99999.99,
    "priceToCash": -99999.99,
    "foreignExempt": false,
    "shareDescription": "Ordinary Fully Paid",
    "numOfShares": 381238220,
    "yieldAnnual": 0,
    "incomeStatement": [
      {
        "revenue": 209883860,
        "netIncome": -19062340,
        "period": "2022A",
        "fPeriodEndDate": 44742,
        "curCode": "AUD"
      },
      {
        "revenue": 92409190,
        "netIncome": -251140,
        "period": "2021A",
        "fPeriodEndDate": 44377,
        "curCode": "AUD"
      },
      {
        "revenue": 22856480,
        "netIncome": 1532140,
        "period": "2020A",
        "fPeriodEndDate": 44012,
        "curCode": "AUD"
      },
      {
        "revenue": 5709830,
        "netIncome": 240880,
        "period": "2019A",
        "fPeriodEndDate": 43646,
        "curCode": "AUD"
      }
    ]
  },
  {
    "symbol": "CCX",
    "displayName": "CITY CHIC COLLECTIVE LIMITED",
    "industry": "Retailing",
    "dateListed": "1998-05-28",
    "marketCap": 388960947,
    "xid": "205172",
    "priceChangeFiveDayPercent": -10.674157303370782,
    "isRecentListing": false,
    "priceAsk": 1.62,
    "priceBid": 1.55,
    "priceChange": -0.03499999999999992,
    "priceChangePercent": -2.153846153846149,
    "priceLast": 1.59,
    "sector": "Consumer Discretionary",
    "industryGroup": "Retailing",
    "securityType": 1,
    "volume": 1531972,
    "statusCode": "",
    "isin": "AU0000031767",
    "priceClose": 1.625,
    "priceDayHigh": 1.655,
    "priceDayLow": 1.555,
    "priceFiftyTwoWeekHigh": 6.855,
    "priceFiftyTwoWeekLow": 1.48,
    "volumeAverage": 1795675.957447,
    "dateExDate": "2019-09-13",
    "datePayDate": "2019-09-30",
    "dateRecordDate": "2019-09-16",
    "dividend": 0.015,
    "dividendType": "F",
    "frankingPercent": 100,
    "cashFlow": -63.439,
    "earningsPerShare": 0.09519,
    "freeCashFlowYield": 0.09945340409111524,
    "priceEarningsRatio": 17.07112,
    "priceToCash": 10.05496,
    "foreignExempt": false,
    "shareDescription": "Ordinary Fully Paid",
    "numOfShares": 239360583,
    "yieldAnnual": 0,
    "incomeStatement": [
      {
        "revenue": 369852000,
        "netIncome": 22277000,
        "period": "2022A",
        "fPeriodEndDate": 44742,
        "curCode": "AUD"
      },
      {
        "revenue": 266974000,
        "netIncome": 21556000,
        "period": "2021A",
        "fPeriodEndDate": 44377,
        "curCode": "AUD"
      },
      {
        "revenue": 195426000,
        "netIncome": 9657000,
        "period": "2020A",
        "fPeriodEndDate": 44012,
        "curCode": "AUD"
      },
      {
        "revenue": 149273000,
        "netIncome": 15978000,
        "period": "2019A",
        "fPeriodEndDate": 43646,
        "curCode": "AUD"
      }
    ]
  },
  {
    "symbol": "DMC",
    "displayName": "DESIGN MILK CO LIMITED",
    "industry": "Retailing",
    "dateListed": "1997-03-24",
    "marketCap": -1,
    "xid": "167404",
    "priceChangeFiveDayPercent": 0,
    "isRecentListing": false,
    "priceChange": 0,
    "priceChangePercent": 0,
    "priceLast": 0.3,
    "sector": "Consumer Discretionary",
    "industryGroup": "Retailing",
    "securityType": 1,
    "volume": 0,
    "statusCode": "",
    "isin": "AU0000124919",
    "priceClose": 0.3,
    "priceFiftyTwoWeekHigh": 0.525,
    "priceFiftyTwoWeekLow": 0.23,
    "volumeAverage": 46997.631579,
    "cashFlow": -2.1559,
    "earningsPerShare": -0.11014,
    "freeCashFlowYield": -0.0000100000010000001,
    "priceEarningsRatio": -99999.99,
    "priceToCash": -99999.99,
    "foreignExempt": false,
    "shareDescription": "Ordinary Fully Paid",
    "numOfShares": 36292792,
    "yieldAnnual": 0,
    "incomeStatement": [
      {
        "revenue": 1497610,
        "netIncome": -2688890,
        "period": "2022A",
        "fPeriodEndDate": 44742,
        "curCode": "USD"
      },
      {
        "revenue": 1352000,
        "netIncome": -1012840,
        "period": "2021A",
        "fPeriodEndDate": 44377,
        "curCode": "USD"
      },
      {
        "revenue": 1365120,
        "netIncome": -1958210,
        "period": "2020A",
        "fPeriodEndDate": 44012,
        "curCode": "USD"
      },
      {
        "revenue": 3222430,
        "netIncome": -2643240,
        "period": "2019A",
        "fPeriodEndDate": 43646,
        "curCode": "USD"
      }
    ]
  },
  {
    "symbol": "DSK",
    "displayName": "DUSK GROUP LIMITED",
    "industry": "Retailing",
    "dateListed": "2020-11-02",
    "marketCap": 118308944,
    "xid": "622866912",
    "priceChangeFiveDayPercent": -8.499999999999996,
    "isRecentListing": false,
    "priceAsk": 1.97,
    "priceBid": 1.795,
    "priceChange": -0.07000000000000006,
    "priceChangePercent": -3.6842105263157925,
    "priceLast": 1.83,
    "sector": "Consumer Discretionary",
    "industryGroup": "Retailing",
    "securityType": 1,
    "volume": 96692,
    "statusCode": "XD",
    "isin": "AU0000109662",
    "priceClose": 1.9000000000000001,
    "priceDayHigh": 1.945,
    "priceDayLow": 1.7550000000000001,
    "priceFiftyTwoWeekHigh": 3.48,
    "priceFiftyTwoWeekLow": 1.55,
    "volumeAverage": 109743.287234,
    "dateExDate": "2022-09-12",
    "datePayDate": "2022-09-27",
    "dateRecordDate": "2022-09-13",
    "dividend": 0.1,
    "dividendType": "F",
    "frankingPercent": 100,
    "cashFlow": -99999.99,
    "earningsPerShare": -99999.99,
    "freeCashFlowYield": -0.0000100000010000001,
    "priceEarningsRatio": -99999.99,
    "priceToCash": -99999.99,
    "foreignExempt": false,
    "shareDescription": "Ordinary Fully Paid",
    "numOfShares": 62267865,
    "yieldAnnual": 0,
    "incomeStatement": [
      {
        "revenue": 148624000,
        "netIncome": 21862000,
        "period": "2021A",
        "fPeriodEndDate": 44374,
        "curCode": "AUD"
      },
      {
        "revenue": 100812000,
        "netIncome": 9497000,
        "period": "2020A",
        "fPeriodEndDate": 44010,
        "curCode": "AUD"
      },
      {
        "revenue": 86079000,
        "netIncome": 2616000,
        "period": "2019A",
        "fPeriodEndDate": 43646,
        "curCode": "AUD"
      },
      {
        "revenue": 74360000,
        "netIncome": 3781000,
        "period": "2018A",
        "fPeriodEndDate": 43282,
        "curCode": "AUD"
      }
    ]
  },
  {
    "symbol": "DW8",
    "displayName": "DW8 LIMITED",
    "industry": "Retailing",
    "dateListed": "2001-04-04",
    "marketCap": 21505245,
    "xid": "288813",
    "priceChangeFiveDayPercent": 0,
    "isRecentListing": false,
    "priceAsk": 0.008,
    "priceBid": 0.007,
    "priceChange": 0,
    "priceChangePercent": 0,
    "priceLast": 0.008,
    "sector": "Consumer Discretionary",
    "industryGroup": "Retailing",
    "securityType": 1,
    "volume": 2172305,
    "statusCode": "",
    "isin": "AU000000DW82",
    "priceClose": 0.008,
    "priceDayHigh": 0.008,
    "priceDayLow": 0.007500000000000001,
    "priceFiftyTwoWeekHigh": 0.071,
    "priceFiftyTwoWeekLow": 0.007,
    "volumeAverage": 7246031.373626,
    "cashFlow": -24.32533,
    "earningsPerShare": -0.00891,
    "freeCashFlowYield": -0.0000100000010000001,
    "priceEarningsRatio": -99999.99,
    "priceToCash": -99999.99,
    "foreignExempt": false,
    "shareDescription": "Ordinary Fully Paid",
    "numOfShares": 2688155627,
    "yieldAnnual": 0,
    "incomeStatement": [
      {
        "revenue": 18106420,
        "netIncome": -17464680,
        "period": "2022A",
        "fPeriodEndDate": 44742,
        "curCode": "AUD"
      },
      {
        "revenue": 2603810,
        "netIncome": -6931630,
        "period": "2021A",
        "fPeriodEndDate": 44377,
        "curCode": "AUD"
      },
      {
        "revenue": 510200,
        "netIncome": -2036470,
        "period": "2020A",
        "fPeriodEndDate": 44012,
        "curCode": "AUD"
      },
      {
        "revenue": 39250,
        "netIncome": -1655520,
        "period": "2019A",
        "fPeriodEndDate": 43646,
        "curCode": "AUD"
      }
    ]
  },
  {
    "symbol": "DW8N",
    "displayName": "DW8 LIMITED",
    "industry": "Retailing",
    "dateListed": "2001-04-04",
    "marketCap": 21505245,
    "xid": "751515717",
    "priceChangeFiveDayPercent": 0,
    "isRecentListing": false,
    "priceChange": 0,
    "priceChangePercent": 0,
    "priceLast": 0,
    "sector": "Consumer Discretionary",
    "industryGroup": "Retailing",
    "securityType": 1,
    "volume": 0,
    "statusCode": "",
    "isin": "AU0000236994",
    "priceClose": 0,
    "priceFiftyTwoWeekHigh": 0,
    "priceFiftyTwoWeekLow": 0,
    "cashFlow": -24.32533,
    "earningsPerShare": -0.00891,
    "freeCashFlowYield": -0.0000100000010000001,
    "priceEarningsRatio": -99999.99,
    "priceToCash": -99999.99,
    "foreignExempt": false,
    "shareDescription": "Ordinary Fully Paid Deferred",
    "numOfShares": 2688155627,
    "yieldAnnual": -32768,
    "incomeStatement": [
      {
        "revenue": 18106420,
        "netIncome": -17464680,
        "period": "2022A",
        "fPeriodEndDate": 44742,
        "curCode": "AUD"
      },
      {
        "revenue": 2603810,
        "netIncome": -6931630,
        "period": "2021A",
        "fPeriodEndDate": 44377,
        "curCode": "AUD"
      },
      {
        "revenue": 510200,
        "netIncome": -2036470,
        "period": "2020A",
        "fPeriodEndDate": 44012,
        "curCode": "AUD"
      },
      {
        "revenue": 39250,
        "netIncome": -1655520,
        "period": "2019A",
        "fPeriodEndDate": 43646,
        "curCode": "AUD"
      }
    ]
  },
  {
    "symbol": "APE",
    "displayName": "EAGERS AUTOMOTIVE LIMITED",
    "industry": "Retailing",
    "dateListed": "1957-04-17",
    "marketCap": 3322383069,
    "xid": "46648",
    "priceChangeFiveDayPercent": -0.5494505494505517,
    "isRecentListing": false,
    "priceAsk": 12.97,
    "priceBid": 12.5,
    "priceChange": -0.2699999999999996,
    "priceChangePercent": -2.086553323029363,
    "priceLast": 12.67,
    "sector": "Consumer Discretionary",
    "industryGroup": "Retailing",
    "securityType": 1,
    "volume": 450390,
    "statusCode": "XD",
    "isin": "AU000000APE3",
    "priceClose": 12.94,
    "priceDayHigh": 12.9,
    "priceDayLow": 12.620000000000001,
    "priceFiftyTwoWeekHigh": 15.99,
    "priceFiftyTwoWeekLow": 8.65,
    "volumeAverage": 588364.170213,
    "dateExDate": "2022-09-02",
    "datePayDate": "2022-09-23",
    "dateRecordDate": "2022-09-05",
    "dividend": 0.22,
    "dividendType": "I",
    "frankingPercent": 100,
    "cashFlow": 72.714,
    "earningsPerShare": 1.18254,
    "freeCashFlowYield": 0.12814089347519386,
    "priceEarningsRatio": 10.94255,
    "priceToCash": 7.80391,
    "foreignExempt": false,
    "shareDescription": "Ordinary Fully Paid",
    "numOfShares": 256752942,
    "yieldAnnual": 5.090765588003157,
    "incomeStatement": [
      {
        "revenue": 8663462000,
        "netIncome": 317824000,
        "period": "2021A",
        "fPeriodEndDate": 44561,
        "curCode": "AUD"
      },
      {
        "revenue": 8749675000,
        "netIncome": 147290000,
        "period": "2020A",
        "fPeriodEndDate": 44196,
        "curCode": "AUD"
      },
      {
        "revenue": 5816979000,
        "netIncome": -142380000,
        "period": "2019A",
        "fPeriodEndDate": 43830,
        "curCode": "AUD"
      },
      {
        "revenue": 4112802000,
        "netIncome": 95877000,
        "period": "2018A",
        "fPeriodEndDate": 43465,
        "curCode": "AUD"
      }
    ]
  },
  {
    "symbol": "EZZ",
    "displayName": "EZZ LIFE SCIENCE HOLDINGS LIMITED",
    "industry": "Retailing",
    "dateListed": "2021-03-03",
    "marketCap": 12828000,
    "xid": "636270707",
    "priceChangeFiveDayPercent": 0,
    "isRecentListing": false,
    "priceAsk": 0.37,
    "priceBid": 0.3,
    "priceChange": 0,
    "priceChangePercent": 0,
    "priceLast": 0.3,
    "sector": "Health Care",
    "industryGroup": "Pharmaceuticals, Biotechnology & Life Sciences",
    "securityType": 1,
    "volume": 0,
    "statusCode": "",
    "isin": "AU0000130569",
    "priceClose": 0.3,
    "priceFiftyTwoWeekHigh": 0.58,
    "priceFiftyTwoWeekLow": 0.27,
    "volumeAverage": 23468.672131,
    "dateExDate": "2021-11-09",
    "datePayDate": "2021-12-16",
    "dateRecordDate": "2021-11-10",
    "dividend": 0.0045,
    "dividendType": "F",
    "frankingPercent": 100,
    "cashFlow": 1.71538,
    "earningsPerShare": 0.03024,
    "freeCashFlowYield": 0.373761913660998,
    "priceEarningsRatio": 9.92063,
    "priceToCash": 2.6755,
    "foreignExempt": false,
    "shareDescription": "Ordinary Fully Paid",
    "numOfShares": 42760000,
    "yieldAnnual": 0,
    "incomeStatement": [
      {
        "revenue": 15022030,
        "netIncome": 1312420,
        "period": "2022A",
        "fPeriodEndDate": 44742,
        "curCode": "AUD"
      },
      {
        "revenue": 22287080,
        "netIncome": 2030610,
        "period": "2021A",
        "fPeriodEndDate": 44377,
        "curCode": "AUD"
      },
      {
        "revenue": 17315190,
        "netIncome": 1586130,
        "period": "2020A",
        "fPeriodEndDate": 44012,
        "curCode": "AUD"
      },
      {
        "revenue": 11187450,
        "netIncome": 823810,
        "period": "2019A",
        "fPeriodEndDate": 43646,
        "curCode": "AUD"
      }
    ]
  },
  {
    "symbol": "GFN",
    "displayName": "GEFEN INTERNATIONAL A.I. LTD",
    "industry": "Retailing",
    "dateListed": "2021-07-21",
    "marketCap": 10647228,
    "xid": "661395743",
    "priceChangeFiveDayPercent": 9.090909090909099,
    "isRecentListing": false,
    "priceAsk": 0.09,
    "priceBid": 0.083,
    "priceChange": 0.0010000000000000009,
    "priceChangePercent": 1.2048192771084347,
    "priceLast": 0.084,
    "sector": "Information Technology",
    "industryGroup": "Software & Services",
    "securityType": 1,
    "volume": 3872,
    "statusCode": "",
    "isin": "IL0011756371",
    "priceClose": 0.083,
    "priceDayHigh": 0.085,
    "priceDayLow": 0.084,
    "priceFiftyTwoWeekHigh": 0.88,
    "priceFiftyTwoWeekLow": 0.0665,
    "volumeAverage": 173537.825,
    "cashFlow": -13.4399,
    "earningsPerShare": -0.15581,
    "freeCashFlowYield": -0.0000100000010000001,
    "priceEarningsRatio": -99999.99,
    "priceToCash": -99999.99,
    "foreignExempt": false,
    "shareDescription": "Ordinary Fully Paid",
    "numOfShares": 128279852,
    "yieldAnnual": 0,
    "incomeStatement": [
      {
        "revenue": 12976000,
        "netIncome": -2446000,
        "period": "2021A",
        "fPeriodEndDate": 44561,
        "curCode": "USD"
      },
      {
        "revenue": 10882000,
        "netIncome": -12417000,
        "period": "2020A",
        "fPeriodEndDate": 44196,
        "curCode": "USD"
      },
      {
        "revenue": 2978000,
        "netIncome": -3056000,
        "period": "2019A",
        "fPeriodEndDate": 43830,
        "curCode": "USD"
      }
    ]
  },
  {
    "symbol": "HT8",
    "displayName": "HARRIS TECHNOLOGY GROUP LIMITED",
    "industry": "Retailing",
    "dateListed": "1999-06-24",
    "marketCap": 7159092,
    "xid": "263319",
    "priceChangeFiveDayPercent": 9.090909090909099,
    "isRecentListing": false,
    "priceAsk": 0.026000000000000002,
    "priceBid": 0.022,
    "priceChange": 0,
    "priceChangePercent": 0,
    "priceLast": 0.024,
    "sector": "Consumer Discretionary",
    "industryGroup": "Retailing",
    "securityType": 1,
    "volume": 0,
    "statusCode": "",
    "isin": "AU000000HT83",
    "priceClose": 0.024,
    "priceFiftyTwoWeekHigh": 0.15,
    "priceFiftyTwoWeekLow": 0.021,
    "volumeAverage": 580890.290698,
    "cashFlow": -1.53808,
    "earningsPerShare": -0.00492,
    "freeCashFlowYield": -0.0000100000010000001,
    "priceEarningsRatio": -99999.99,
    "priceToCash": -99999.99,
    "foreignExempt": false,
    "shareDescription": "Ordinary Fully Paid",
    "numOfShares": 298295481,
    "yieldAnnual": 0,
    "incomeStatement": [
      {
        "revenue": 50296600,
        "netIncome": -1464740,
        "period": "2022A",
        "fPeriodEndDate": 44742,
        "curCode": "AUD"
      },
      {
        "revenue": 41860610,
        "netIncome": 1753420,
        "period": "2021A",
        "fPeriodEndDate": 44377,
        "curCode": "AUD"
      },
      {
        "revenue": 14314660,
        "netIncome": 1009520,
        "period": "2020A",
        "fPeriodEndDate": 44012,
        "curCode": "AUD"
      },
      {
        "revenue": 9016680,
        "netIncome": -2202650,
        "period": "2019A",
        "fPeriodEndDate": 43646,
        "curCode": "AUD"
      }
    ]
  },
  {
    "symbol": "HVN",
    "displayName": "HARVEY NORMAN HOLDINGS LIMITED",
    "industry": "Retailing",
    "dateListed": "1987-09-03",
    "marketCap": 5345368546,
    "xid": "150534",
    "priceChangeFiveDayPercent": -0.6944444444444502,
    "isRecentListing": false,
    "priceAsk": 4.3,
    "priceBid": 4.2700000000000005,
    "priceChange": 0,
    "priceChangePercent": 0,
    "priceLast": 4.29,
    "sector": "Consumer Discretionary",
    "industryGroup": "Retailing",
    "securityType": 1,
    "volume": 3090041,
    "statusCode": "CD",
    "isin": "AU000000HVN7",
    "priceClose": 4.29,
    "priceDayHigh": 4.3,
    "priceDayLow": 4.22,
    "priceFiftyTwoWeekHigh": 5.74,
    "priceFiftyTwoWeekLow": 3.53,
    "volumeAverage": 3096634.085106,
    "dateExDate": "2022-10-14",
    "datePayDate": "2022-11-14",
    "dateRecordDate": "2022-10-17",
    "dividend": 0.175,
    "dividendType": "F",
    "frankingPercent": 100,
    "cashFlow": 66.28,
    "earningsPerShare": 0.65041,
    "freeCashFlowYield": 0.18226688976133976,
    "priceEarningsRatio": 6.59584,
    "priceToCash": 5.48646,
    "foreignExempt": false,
    "shareDescription": "Ordinary Fully Paid",
    "numOfShares": 1246006654,
    "yieldAnnual": 8.74125874125874,
    "incomeStatement": [
      {
        "revenue": 4263691000,
        "netIncome": 811527000,
        "period": "2022A",
        "fPeriodEndDate": 44742,
        "curCode": "AUD"
      },
      {
        "revenue": 4253020000,
        "netIncome": 841414000,
        "period": "2021A",
        "fPeriodEndDate": 44377,
        "curCode": "AUD"
      },
      {
        "revenue": 3484903000,
        "netIncome": 480541000,
        "period": "2020A",
        "fPeriodEndDate": 44012,
        "curCode": "AUD"
      },
      {
        "revenue": 3309257000,
        "netIncome": 402317000,
        "period": "2019A",
        "fPeriodEndDate": 43646,
        "curCode": "AUD"
      }
    ]
  },
  {
    "symbol": "INP",
    "displayName": "INCENTIAPAY LIMITED",
    "industry": "Retailing",
    "dateListed": "2014-09-09",
    "marketCap": 16445827,
    "xid": "78125392",
    "priceChangeFiveDayPercent": 8.333333333333341,
    "isRecentListing": false,
    "priceAsk": 0.013000000000000001,
    "priceBid": 0.009000000000000001,
    "priceChange": 0,
    "priceChangePercent": 0,
    "priceLast": 0.013000000000000001,
    "sector": "Consumer Discretionary",
    "industryGroup": "Retailing",
    "securityType": 1,
    "volume": 0,
    "statusCode": "",
    "isin": "AU0000007411",
    "priceClose": 0.013000000000000001,
    "priceFiftyTwoWeekHigh": 0.03838,
    "priceFiftyTwoWeekLow": 0.007,
    "volumeAverage": 473596.968254,
    "dateExDate": "2017-12-14",
    "datePayDate": "2018-01-09",
    "dateRecordDate": "2017-12-15",
    "dividend": 0.0225,
    "dividendType": "F",
    "frankingPercent": 100,
    "cashFlow": -13.055,
    "earningsPerShare": -0.01433,
    "freeCashFlowYield": -0.0000100000010000001,
    "priceEarningsRatio": -99999.99,
    "priceToCash": -99999.99,
    "foreignExempt": false,
    "shareDescription": "Ordinary Fully Paid",
    "numOfShares": 1265063625,
    "yieldAnnual": 0,
    "incomeStatement": [
      {
        "revenue": 19790000,
        "netIncome": -15631000,
        "period": "2022A",
        "fPeriodEndDate": 44742,
        "curCode": "AUD"
      },
      {
        "revenue": 19246000,
        "netIncome": -8402000,
        "period": "2021A",
        "fPeriodEndDate": 44377,
        "curCode": "AUD"
      },
      {
        "revenue": 42205000,
        "netIncome": -24662000,
        "period": "2020A",
        "fPeriodEndDate": 44012,
        "curCode": "AUD"
      },
      {
        "revenue": 64572000,
        "netIncome": -37904000,
        "period": "2019A",
        "fPeriodEndDate": 43646,
        "curCode": "AUD"
      }
    ]
  },
  {
    "symbol": "INL",
    "displayName": "INNLANZ LIMITED",
    "industry": "Retailing",
    "dateListed": "2019-02-22",
    "marketCap": 15976444,
    "xid": "508621571",
    "priceChangeFiveDayPercent": 0,
    "isRecentListing": false,
    "priceAsk": 0.05,
    "priceBid": 0.035,
    "priceChange": -0.0010000000000000009,
    "priceChangePercent": -1.960784313725492,
    "priceLast": 0.05,
    "sector": "Consumer Discretionary",
    "industryGroup": "Retailing",
    "securityType": 1,
    "volume": 983,
    "statusCode": "",
    "isin": "AU0000199002",
    "priceClose": 0.051000000000000004,
    "priceDayHigh": 0.05,
    "priceDayLow": 0.05,
    "priceFiftyTwoWeekHigh": 0.075,
    "priceFiftyTwoWeekLow": 0.049,
    "volumeAverage": 3316.875,
    "cashFlow": -0.70135,
    "earningsPerShare": -0.00291,
    "freeCashFlowYield": -0.0000100000010000001,
    "priceEarningsRatio": -99999.99,
    "priceToCash": -99999.99,
    "foreignExempt": false,
    "shareDescription": "Ordinary Fully Paid",
    "numOfShares": 313263608,
    "yieldAnnual": 0,
    "incomeStatement": [
      {
        "revenue": 1593670,
        "netIncome": -911510,
        "period": "2022A",
        "fPeriodEndDate": 44742,
        "curCode": "AUD"
      },
      {
        "revenue": 1157490,
        "netIncome": -6264290,
        "period": "2021A",
        "fPeriodEndDate": 44377,
        "curCode": "AUD"
      },
      {
        "revenue": 23298450,
        "netIncome": -5109040,
        "period": "2020A",
        "fPeriodEndDate": 44012,
        "curCode": "AUD"
      },
      {
        "revenue": 30661260,
        "netIncome": -11240,
        "period": "2019A",
        "fPeriodEndDate": 43646,
        "curCode": "AUD"
      }
    ]
  },
  {
    "symbol": "JAT",
    "displayName": "JATCORP LIMITED",
    "industry": "Retailing",
    "dateListed": "2008-01-30",
    "marketCap": 32473374,
    "xid": "31923986",
    "priceChangeFiveDayPercent": -13.333333333333323,
    "isRecentListing": false,
    "priceAsk": 0.014,
    "priceBid": 0.013000000000000001,
    "priceChange": 0,
    "priceChangePercent": 0,
    "priceLast": 0.013000000000000001,
    "sector": "Consumer Discretionary",
    "industryGroup": "Retailing",
    "securityType": 1,
    "volume": 5234614,
    "statusCode": "",
    "isin": "AU000000JAT4",
    "priceClose": 0.013000000000000001,
    "priceDayHigh": 0.013000000000000001,
    "priceDayLow": 0.013000000000000001,
    "priceFiftyTwoWeekHigh": 0.024,
    "priceFiftyTwoWeekLow": 0.01176,
    "volumeAverage": 5250188.707894,
    "cashFlow": -99999.99,
    "earningsPerShare": -0.0055,
    "freeCashFlowYield": -0.0000100000010000001,
    "priceEarningsRatio": -99999.99,
    "priceToCash": -99999.99,
    "foreignExempt": false,
    "shareDescription": "Ordinary Fully Paid",
    "numOfShares": 2497951839,
    "yieldAnnual": 0,
    "incomeStatement": [
      {
        "revenue": 38216820,
        "netIncome": -6971920,
        "period": "2022A",
        "fPeriodEndDate": 44742,
        "curCode": "AUD"
      },
      {
        "revenue": 21931920,
        "netIncome": -15331280,
        "period": "2021A",
        "fPeriodEndDate": 44377,
        "curCode": "AUD"
      },
      {
        "revenue": 59953620,
        "netIncome": -17596980,
        "period": "2020A",
        "fPeriodEndDate": 44012,
        "curCode": "AUD"
      },
      {
        "revenue": 70141710,
        "netIncome": -9796970,
        "period": "2019A",
        "fPeriodEndDate": 43646,
        "curCode": "AUD"
      }
    ]
  },
  {
    "symbol": "JAY",
    "displayName": "JAYRIDE GROUP LIMITED",
    "industry": "Retailing",
    "dateListed": "2018-01-29",
    "marketCap": 29985324,
    "xid": "445460642",
    "priceChangeFiveDayPercent": 3.030303030303033,
    "isRecentListing": false,
    "priceAsk": 0.19,
    "priceBid": 0.165,
    "priceChange": 0,
    "priceChangePercent": 0,
    "priceLast": 0.17,
    "sector": "Industrials",
    "industryGroup": "Transportation",
    "securityType": 1,
    "volume": 12786,
    "statusCode": "",
    "isin": "AU000000JAY4",
    "priceClose": 0.17,
    "priceDayHigh": 0.17,
    "priceDayLow": 0.17,
    "priceFiftyTwoWeekHigh": 0.28,
    "priceFiftyTwoWeekLow": 0.13,
    "volumeAverage": 95312.893333,
    "cashFlow": -5.41635,
    "earningsPerShare": -0.02947,
    "freeCashFlowYield": -0.0000100000010000001,
    "priceEarningsRatio": -99999.99,
    "priceToCash": -99999.99,
    "foreignExempt": false,
    "shareDescription": "Ordinary Fully Paid",
    "numOfShares": 176384258,
    "yieldAnnual": 0,
    "incomeStatement": [
      {
        "revenue": 2559580,
        "netIncome": -5099400,
        "period": "2022A",
        "fPeriodEndDate": 44742,
        "curCode": "AUD"
      },
      {
        "revenue": 759410,
        "netIncome": -4488840,
        "period": "2021A",
        "fPeriodEndDate": 44377,
        "curCode": "AUD"
      },
      {
        "revenue": 3236260,
        "netIncome": -7088800,
        "period": "2020A",
        "fPeriodEndDate": 44012,
        "curCode": "AUD"
      },
      {
        "revenue": 3280500,
        "netIncome": -8201110,
        "period": "2019A",
        "fPeriodEndDate": 43646,
        "curCode": "AUD"
      }
    ]
  },
  {
    "symbol": "JBH",
    "displayName": "JB HI-FI LIMITED",
    "industry": "Retailing",
    "dateListed": "2003-10-23",
    "marketCap": 4464106444,
    "xid": "172287",
    "priceChangeFiveDayPercent": -1.4233128834355786,
    "isRecentListing": false,
    "priceAsk": 40.2,
    "priceBid": 40,
    "priceChange": -0.6599999999999966,
    "priceChangePercent": -1.6164584864070453,
    "priceLast": 40.17,
    "sector": "Consumer Discretionary",
    "industryGroup": "Retailing",
    "securityType": 1,
    "volume": 424303,
    "statusCode": "",
    "isin": "AU000000JBH7",
    "priceClose": 40.83,
    "priceDayHigh": 40.34,
    "priceDayLow": 39.87,
    "priceFiftyTwoWeekHigh": 56.85,
    "priceFiftyTwoWeekLow": 36.69,
    "volumeAverage": 635781.074468,
    "dateExDate": "2022-08-25",
    "datePayDate": "2022-09-09",
    "dateRecordDate": "2022-08-26",
    "dividend": 1.53,
    "dividendType": "F",
    "frankingPercent": 100,
    "cashFlow": 259.6,
    "earningsPerShare": 4.76914,
    "freeCashFlowYield": 0.17017974384544957,
    "priceEarningsRatio": 8.56129,
    "priceToCash": 5.87614,
    "foreignExempt": false,
    "shareDescription": "Ordinary Fully Paid",
    "numOfShares": 109333981,
    "yieldAnnual": 7.86656708986806,
    "incomeStatement": [
      {
        "revenue": 9232000000,
        "netIncome": 544900000,
        "period": "2022A",
        "fPeriodEndDate": 44742,
        "curCode": "AUD"
      },
      {
        "revenue": 8916100000,
        "netIncome": 506100000,
        "period": "2021A",
        "fPeriodEndDate": 44377,
        "curCode": "AUD"
      },
      {
        "revenue": 7918900000,
        "netIncome": 302300000,
        "period": "2020A",
        "fPeriodEndDate": 44012,
        "curCode": "AUD"
      },
      {
        "revenue": 7095300000,
        "netIncome": 249800000,
        "period": "2019A",
        "fPeriodEndDate": 43646,
        "curCode": "AUD"
      }
    ]
  },
  {
    "symbol": "JYC",
    "displayName": "JOYCE CORPORATION LTD",
    "industry": "Retailing",
    "dateListed": "1986-12-17",
    "marketCap": 107420695,
    "xid": "175403",
    "priceChangeFiveDayPercent": 14.613180515759305,
    "isRecentListing": false,
    "priceAsk": 4.03,
    "priceBid": 3,
    "priceChange": 0.19999999999999973,
    "priceChangePercent": 5.2631578947368345,
    "priceLast": 4,
    "sector": "Consumer Discretionary",
    "industryGroup": "Retailing",
    "securityType": 1,
    "volume": 86407,
    "statusCode": "XD",
    "isin": "AU000000JYC0",
    "priceClose": 3.8000000000000003,
    "priceDayHigh": 4.04,
    "priceDayLow": 3.7800000000000002,
    "priceFiftyTwoWeekHigh": 4.04,
    "priceFiftyTwoWeekLow": 2.26,
    "volumeAverage": 18216.774194,
    "dateExDate": "2022-09-12",
    "datePayDate": "2022-09-30",
    "dateRecordDate": "2022-09-13",
    "dividend": 0.105,
    "dividendType": "F",
    "frankingPercent": 100,
    "cashFlow": 16.234,
    "earningsPerShare": 0.32185,
    "freeCashFlowYield": 0.2151819470953665,
    "priceEarningsRatio": 11.80674,
    "priceToCash": 4.64723,
    "foreignExempt": false,
    "shareDescription": "Ordinary Fully Paid",
    "numOfShares": 28268604,
    "yieldAnnual": 4.5,
    "incomeStatement": [
      {
        "revenue": 131130000,
        "netIncome": 9086000,
        "period": "2022A",
        "fPeriodEndDate": 44742,
        "curCode": "AUD"
      },
      {
        "revenue": 115609000,
        "netIncome": 7574000,
        "period": "2021A",
        "fPeriodEndDate": 44377,
        "curCode": "AUD"
      },
      {
        "revenue": 89695000,
        "netIncome": -3426000,
        "period": "2020A",
        "fPeriodEndDate": 44012,
        "curCode": "AUD"
      },
      {
        "revenue": 85750000,
        "netIncome": 3407000,
        "period": "2019A",
        "fPeriodEndDate": 43646,
        "curCode": "AUD"
      }
    ]
  },
  {
    "symbol": "KMD",
    "displayName": "KMD BRANDS LIMITED",
    "industry": "Retailing",
    "dateListed": "2009-11-13",
    "marketCap": 650883166,
    "xid": "21388093",
    "priceChangeFiveDayPercent": 2.8409090909090935,
    "isRecentListing": false,
    "priceAsk": 0.915,
    "priceBid": 0.905,
    "priceChange": -0.010000000000000009,
    "priceChangePercent": -1.092896174863389,
    "priceLast": 0.905,
    "sector": "Consumer Discretionary",
    "industryGroup": "Retailing",
    "securityType": 1,
    "volume": 863913,
    "statusCode": "CD",
    "isin": "NZKMDE0001S3",
    "priceClose": 0.915,
    "priceDayHigh": 0.915,
    "priceDayLow": 0.905,
    "priceFiftyTwoWeekHigh": 1.605,
    "priceFiftyTwoWeekLow": 0.85,
    "volumeAverage": 316503.56383,
    "dateExDate": "2022-11-09",
    "datePayDate": "2022-11-25",
    "dateRecordDate": "2022-11-10",
    "dividend": 0.0227,
    "dividendType": "F",
    "frankingPercent": 100,
    "cashFlow": 48.73,
    "earningsPerShare": 0.04923,
    "freeCashFlowYield": 0.20549662369047278,
    "priceEarningsRatio": 20.9222,
    "priceToCash": 4.86626,
    "foreignExempt": true,
    "shareDescription": "Ordinary Fully Paid Foreign Exempt Nzx",
    "numOfShares": 711347722,
    "yieldAnnual": 5.0497237569060776,
    "incomeStatement": [
      {
        "revenue": 922792000,
        "netIncome": 63066000,
        "period": "2021A",
        "fPeriodEndDate": 44408,
        "curCode": "NZD"
      },
      {
        "revenue": 801524000,
        "netIncome": 8134000,
        "period": "2020A",
        "fPeriodEndDate": 44043,
        "curCode": "NZD"
      },
      {
        "revenue": 545618000,
        "netIncome": 57633000,
        "period": "2019A",
        "fPeriodEndDate": 43677,
        "curCode": "NZD"
      },
      {
        "revenue": 497437000,
        "netIncome": 50671000,
        "period": "2018A",
        "fPeriodEndDate": 43312,
        "curCode": "NZD"
      }
    ]
  },
  {
    "symbol": "KGN",
    "displayName": "KOGAN.COM LTD",
    "industry": "Retailing",
    "dateListed": "2016-07-07",
    "marketCap": 372513461,
    "xid": "354542737",
    "priceChangeFiveDayPercent": -9.86666666666667,
    "isRecentListing": false,
    "priceAsk": 3.42,
    "priceBid": 3.38,
    "priceChange": -0.10000000000000009,
    "priceChangePercent": -2.873563218390807,
    "priceLast": 3.38,
    "sector": "Consumer Discretionary",
    "industryGroup": "Retailing",
    "securityType": 1,
    "volume": 316497,
    "statusCode": "",
    "isin": "AU000000KGN2",
    "priceClose": 3.48,
    "priceDayHigh": 3.64,
    "priceDayLow": 3.35,
    "priceFiftyTwoWeekHigh": 12.1,
    "priceFiftyTwoWeekLow": 2.66,
    "volumeAverage": 678887.287234,
    "dateExDate": "2021-03-08",
    "datePayDate": "2021-05-31",
    "dateRecordDate": "2021-03-09",
    "dividend": 0.16,
    "dividendType": "I",
    "frankingPercent": 100,
    "cashFlow": 56.28,
    "earningsPerShare": -0.32935,
    "freeCashFlowYield": -0.0000100000010000001,
    "priceEarningsRatio": -99999.99,
    "priceToCash": -99999.99,
    "foreignExempt": false,
    "shareDescription": "Ordinary Fully Paid",
    "numOfShares": 107044098,
    "yieldAnnual": 0,
    "incomeStatement": [
      {
        "revenue": 718504000,
        "netIncome": -35457000,
        "period": "2022A",
        "fPeriodEndDate": 44742,
        "curCode": "AUD"
      },
      {
        "revenue": 780742000,
        "netIncome": 3537000,
        "period": "2021A",
        "fPeriodEndDate": 44377,
        "curCode": "AUD"
      },
      {
        "revenue": 497904000,
        "netIncome": 26820000,
        "period": "2020A",
        "fPeriodEndDate": 44012,
        "curCode": "AUD"
      },
      {
        "revenue": 438699590,
        "netIncome": 17201230,
        "period": "2019A",
        "fPeriodEndDate": 43646,
        "curCode": "AUD"
      }
    ]
  },
  {
    "symbol": "LOV",
    "displayName": "LOVISA HOLDINGS LIMITED",
    "industry": "Retailing",
    "dateListed": "2014-12-18",
    "marketCap": 2507090815,
    "xid": "82257125",
    "priceChangeFiveDayPercent": -1.4400677678949592,
    "isRecentListing": false,
    "priceAsk": 23.3,
    "priceBid": 23.06,
    "priceChange": 0.019999999999999574,
    "priceChangePercent": 0.08602150537634225,
    "priceLast": 23.27,
    "sector": "Consumer Discretionary",
    "industryGroup": "Retailing",
    "securityType": 1,
    "volume": 372233,
    "upcomingEventName": "2022 Annual General Meeting",
    "statusCode": "XD",
    "isin": "AU000000LOV7",
    "priceClose": 23.25,
    "priceDayHigh": 23.29,
    "priceDayLow": 22.71,
    "priceFiftyTwoWeekHigh": 25.13,
    "priceFiftyTwoWeekLow": 12.35,
    "volumeAverage": 300242.446809,
    "dateExDate": "2022-09-14",
    "datePayDate": "2022-10-20",
    "dateRecordDate": "2022-09-15",
    "dividend": 0.37,
    "dividendType": "F",
    "frankingPercent": 30,
    "cashFlow": 34.078,
    "earningsPerShare": 0.54054,
    "freeCashFlowYield": 0.04767637278155878,
    "priceEarningsRatio": 43.01254,
    "priceToCash": 20.97475,
    "foreignExempt": false,
    "shareDescription": "Ordinary Fully Paid",
    "numOfShares": 107831863,
    "yieldAnnual": 3.1800601633003867,
    "incomeStatement": [
      {
        "revenue": 458712000,
        "netIncome": 58387000,
        "period": "2022A",
        "fPeriodEndDate": 44745,
        "curCode": "AUD"
      },
      {
        "revenue": 288034000,
        "netIncome": 24829000,
        "period": "2021A",
        "fPeriodEndDate": 44374,
        "curCode": "AUD"
      },
      {
        "revenue": 242176000,
        "netIncome": 11221000,
        "period": "2020A",
        "fPeriodEndDate": 44010,
        "curCode": "AUD"
      },
      {
        "revenue": 250282000,
        "netIncome": 37043000,
        "period": "2019A",
        "fPeriodEndDate": 43646,
        "curCode": "AUD"
      }
    ]
  },
  {
    "symbol": "MPA",
    "displayName": "MAD PAWS HOLDINGS LIMITED",
    "industry": "Retailing",
    "dateListed": "2021-03-26",
    "marketCap": 39811425,
    "xid": "644593059",
    "priceChangeFiveDayPercent": -3.5714285714285743,
    "isRecentListing": false,
    "priceAsk": 0.145,
    "priceBid": 0.125,
    "priceChange": 0.010000000000000009,
    "priceChangePercent": 8.000000000000007,
    "priceLast": 0.135,
    "sector": "Consumer Discretionary",
    "industryGroup": "Retailing",
    "securityType": 1,
    "volume": 76038,
    "statusCode": "",
    "isin": "AU0000136996",
    "priceClose": 0.125,
    "priceDayHigh": 0.135,
    "priceDayLow": 0.125,
    "priceFiftyTwoWeekHigh": 0.26,
    "priceFiftyTwoWeekLow": 0.115,
    "volumeAverage": 149442.95122,
    "cashFlow": -7.44682,
    "earningsPerShare": -0.04214,
    "freeCashFlowYield": -0.0000100000010000001,
    "priceEarningsRatio": -99999.99,
    "priceToCash": -99999.99,
    "foreignExempt": false,
    "shareDescription": "Ordinary Fully Paid",
    "numOfShares": 318491403,
    "yieldAnnual": 0,
    "incomeStatement": [
      {
        "revenue": 9829230,
        "netIncome": -10344650,
        "period": "2022A",
        "fPeriodEndDate": 44742,
        "curCode": "AUD"
      },
      {
        "revenue": 2857350,
        "netIncome": -11934980,
        "period": "2021A",
        "fPeriodEndDate": 44377,
        "curCode": "AUD"
      },
      {
        "revenue": 2003910,
        "netIncome": -2188020,
        "period": "2020A",
        "fPeriodEndDate": 44012,
        "curCode": "AUD"
      },
      {
        "revenue": 1578780,
        "netIncome": -2788540,
        "period": "2019A",
        "fPeriodEndDate": 43646,
        "curCode": "AUD"
      }
    ]
  },
  {
    "symbol": "MHJ",
    "displayName": "MICHAEL HILL INTERNATIONAL LIMITED",
    "industry": "Retailing",
    "dateListed": "2016-07-07",
    "marketCap": 434748741,
    "xid": "354548617",
    "priceChangeFiveDayPercent": -3.0434782608695583,
    "isRecentListing": false,
    "priceAsk": 1.135,
    "priceBid": 1.115,
    "priceChange": -0.0050000000000001155,
    "priceChangePercent": -0.4464285714285817,
    "priceLast": 1.115,
    "sector": "Consumer Discretionary",
    "industryGroup": "Retailing",
    "securityType": 1,
    "volume": 92629,
    "statusCode": "XD",
    "isin": "AU000000MHJ4",
    "priceClose": 1.12,
    "priceDayHigh": 1.1400000000000001,
    "priceDayLow": 1.105,
    "priceFiftyTwoWeekHigh": 1.57,
    "priceFiftyTwoWeekLow": 0.815,
    "volumeAverage": 105524.340426,
    "dateExDate": "2022-09-08",
    "datePayDate": "2022-09-23",
    "dateRecordDate": "2022-09-09",
    "dividend": 0.04,
    "dividendType": "I",
    "frankingPercent": 0,
    "cashFlow": 63.864,
    "earningsPerShare": 0.11867,
    "freeCashFlowYield": 0.22683812604487316,
    "priceEarningsRatio": 9.43794,
    "priceToCash": 4.40843,
    "foreignExempt": false,
    "shareDescription": "Ordinary Fully Paid",
    "numOfShares": 388168519,
    "yieldAnnual": 6.726457399103139,
    "incomeStatement": [
      {
        "revenue": 595210000,
        "netIncome": 46712000,
        "period": "2022A",
        "fPeriodEndDate": 44742,
        "curCode": "AUD"
      },
      {
        "revenue": 556486000,
        "netIncome": 41015000,
        "period": "2021A",
        "fPeriodEndDate": 44377,
        "curCode": "AUD"
      },
      {
        "revenue": 492060000,
        "netIncome": 3059000,
        "period": "2020A",
        "fPeriodEndDate": 44012,
        "curCode": "AUD"
      },
      {
        "revenue": 569660000,
        "netIncome": 16498000,
        "period": "2019A",
        "fPeriodEndDate": 43646,
        "curCode": "AUD"
      }
    ]
  },
  {
    "symbol": "MOM",
    "displayName": "MOAB MINERALS LIMITED",
    "industry": "Retailing",
    "dateListed": "1987-01-15",
    "marketCap": 0,
    "xid": "750415216",
    "priceChangeFiveDayPercent": 0,
    "isRecentListing": false,
    "priceAsk": 0.018000000000000002,
    "priceBid": 0.017,
    "priceChange": 0.006000000000000002,
    "priceChangePercent": 54.54545454545457,
    "priceLast": 0.017,
    "sector": "Consumer Discretionary",
    "industryGroup": "Retailing",
    "securityType": 1,
    "volume": 20138114,
    "statusCode": "RE",
    "isin": "AU0000240764",
    "priceClose": 0.011,
    "priceDayHigh": 0.02,
    "priceDayLow": 0.016,
    "priceFiftyTwoWeekHigh": 0.021,
    "priceFiftyTwoWeekLow": 0.008,
    "volumeAverage": 20138114,
    "cashFlow": -0.762,
    "earningsPerShare": -0.00034,
    "freeCashFlowYield": -0.0000100000010000001,
    "priceEarningsRatio": -99999.99,
    "priceToCash": -99999.99,
    "foreignExempt": false,
    "shareDescription": "Ordinary Fully Paid",
    "numOfShares": 726963482,
    "yieldAnnual": 0,
    "incomeStatement": []
  },
  {
    "symbol": "MOZ",
    "displayName": "MOSAIC BRANDS LIMITED",
    "industry": "Retailing",
    "dateListed": "2000-05-11",
    "marketCap": 27966362,
    "xid": "209701",
    "priceChangeFiveDayPercent": -10.714285714285722,
    "isRecentListing": false,
    "priceAsk": 0.26,
    "priceBid": 0.25,
    "priceChange": -0.010000000000000009,
    "priceChangePercent": -3.8461538461538494,
    "priceLast": 0.25,
    "sector": "Consumer Discretionary",
    "industryGroup": "Retailing",
    "securityType": 1,
    "volume": 133093,
    "statusCode": "",
    "isin": "AU0000066789",
    "priceClose": 0.26,
    "priceDayHigh": 0.27,
    "priceDayLow": 0.23,
    "priceFiftyTwoWeekHigh": 0.85,
    "priceFiftyTwoWeekLow": 0.17,
    "volumeAverage": 286049.761364,
    "dateExDate": "2019-10-09",
    "datePayDate": "2019-10-24",
    "dateRecordDate": "2019-10-10",
    "dividend": 0.055,
    "dividendType": "F",
    "frankingPercent": 100,
    "cashFlow": 39.161,
    "earningsPerShare": -0.09324,
    "freeCashFlowYield": 2.256725040621051,
    "priceEarningsRatio": -99999.99,
    "priceToCash": 0.44312,
    "foreignExempt": false,
    "shareDescription": "Ordinary Fully Paid",
    "numOfShares": 107562930,
    "yieldAnnual": 0,
    "incomeStatement": [
      {
        "revenue": 619651000,
        "netIncome": -11456000,
        "period": "2022A",
        "fPeriodEndDate": 44745,
        "curCode": "AUD"
      },
      {
        "revenue": 708766000,
        "netIncome": 2715000,
        "period": "2021A",
        "fPeriodEndDate": 44374,
        "curCode": "AUD"
      },
      {
        "revenue": 736777000,
        "netIncome": -170485000,
        "period": "2020A",
        "fPeriodEndDate": 44012,
        "curCode": "AUD"
      },
      {
        "revenue": 881920000,
        "netIncome": 8130000,
        "period": "2019A",
        "fPeriodEndDate": 43646,
        "curCode": "AUD"
      }
    ]
  },
  {
    "symbol": "MTO",
    "displayName": "MOTORCYCLE HOLDINGS LIMITED",
    "industry": "Retailing",
    "dateListed": "2016-04-29",
    "marketCap": 136988896,
    "xid": "343529799",
    "priceChangeFiveDayPercent": -1.8181818181818197,
    "isRecentListing": false,
    "priceAsk": 2.35,
    "priceBid": 2.13,
    "priceChange": -0.06000000000000005,
    "priceChangePercent": -2.702702702702705,
    "priceLast": 2.16,
    "sector": "Consumer Discretionary",
    "industryGroup": "Retailing",
    "securityType": 1,
    "volume": 42792,
    "statusCode": "XD",
    "isin": "AU000000MTO9",
    "priceClose": 2.22,
    "priceDayHigh": 2.32,
    "priceDayLow": 2.14,
    "priceFiftyTwoWeekHigh": 3.44,
    "priceFiftyTwoWeekLow": 1.83,
    "volumeAverage": 38519.531915,
    "dateExDate": "2022-09-12",
    "datePayDate": "2022-10-04",
    "dateRecordDate": "2022-09-13",
    "dividend": 0.08,
    "dividendType": "F",
    "frankingPercent": 100,
    "cashFlow": -0.193,
    "earningsPerShare": 0.37367,
    "freeCashFlowYield": 0.2714087198193504,
    "priceEarningsRatio": 5.94107,
    "priceToCash": 3.68448,
    "foreignExempt": false,
    "shareDescription": "Ordinary Fully Paid",
    "numOfShares": 61706710,
    "yieldAnnual": 9.25925925925926,
    "incomeStatement": [
      {
        "revenue": 459131000,
        "netIncome": 23115000,
        "period": "2022A",
        "fPeriodEndDate": 44742,
        "curCode": "AUD"
      },
      {
        "revenue": 432853000,
        "netIncome": 28299000,
        "period": "2021A",
        "fPeriodEndDate": 44377,
        "curCode": "AUD"
      },
      {
        "revenue": 361892000,
        "netIncome": -9120000,
        "period": "2020A",
        "fPeriodEndDate": 44012,
        "curCode": "AUD"
      },
      {
        "revenue": 327634000,
        "netIncome": 8345000,
        "period": "2019A",
        "fPeriodEndDate": 43646,
        "curCode": "AUD"
      }
    ]
  },
  {
    "symbol": "MFB",
    "displayName": "MY FOOD BAG GROUP LIMITED",
    "industry": "Retailing",
    "dateListed": "2021-03-05",
    "marketCap": 144250327,
    "xid": "644579736",
    "priceChangeFiveDayPercent": 0,
    "isRecentListing": false,
    "priceAsk": 0.74,
    "priceBid": 0.6,
    "priceChange": 0,
    "priceChangePercent": 0,
    "priceLast": 0.595,
    "sector": "Consumer Staples",
    "industryGroup": "Food & Staples Retailing",
    "securityType": 1,
    "volume": 0,
    "statusCode": "",
    "isin": "NZMFBE0004S1",
    "priceClose": 0.595,
    "priceFiftyTwoWeekHigh": 1.41,
    "priceFiftyTwoWeekLow": 0.595,
    "volumeAverage": 7518.9,
    "dateExDate": "2022-05-31",
    "datePayDate": "2022-06-16",
    "dateRecordDate": "2022-06-01",
    "dividend": 0.036,
    "dividendType": "F",
    "frankingPercent": 0,
    "cashFlow": 19.36,
    "earningsPerShare": 0.08253,
    "freeCashFlowYield": 0.16194882740951516,
    "priceEarningsRatio": 7.75476,
    "priceToCash": 6.17479,
    "foreignExempt": true,
    "shareDescription": "Ordinary Fully Paid Foreign Exempt Nzx",
    "numOfShares": 242437524,
    "yieldAnnual": 0,
    "incomeStatement": [
      {
        "revenue": 193954000,
        "netIncome": 20007000,
        "period": "2022A",
        "fPeriodEndDate": 44651,
        "curCode": "NZD"
      },
      {
        "revenue": 190710000,
        "netIncome": 2442000,
        "period": "2021A",
        "fPeriodEndDate": 44286,
        "curCode": "NZD"
      },
      {
        "revenue": 153301000,
        "netIncome": 8180000,
        "period": "2020A",
        "fPeriodEndDate": 43921,
        "curCode": "NZD"
      },
      {
        "revenue": 155956970,
        "netIncome": 7216420,
        "period": "2019A",
        "fPeriodEndDate": 43555,
        "curCode": "NZD"
      }
    ]
  },
  {
    "symbol": "MYD",
    "displayName": "MYDEAL.COM.AU LIMITED",
    "industry": "Retailing",
    "dateListed": "2020-10-22",
    "marketCap": -1,
    "xid": "620847396",
    "priceChangeFiveDayPercent": 0,
    "isRecentListing": false,
    "priceChange": 0,
    "priceChangePercent": 0,
    "priceLast": 1.05,
    "sector": "Consumer Discretionary",
    "industryGroup": "Retailing",
    "securityType": 1,
    "volume": 0,
    "statusCode": "",
    "isin": "AU0000107187",
    "priceClose": 1.05,
    "priceFiftyTwoWeekHigh": 1.05,
    "priceFiftyTwoWeekLow": 0.52,
    "volumeAverage": 336787.719101,
    "cashFlow": -10.14354,
    "earningsPerShare": -0.05994,
    "freeCashFlowYield": -0.0000100000010000001,
    "priceEarningsRatio": -99999.99,
    "priceToCash": -99999.99,
    "foreignExempt": false,
    "shareDescription": "Ordinary Fully Paid",
    "numOfShares": 258827306,
    "yieldAnnual": 0,
    "incomeStatement": [
      {
        "revenue": 65439140,
        "netIncome": -15512920,
        "period": "2022A",
        "fPeriodEndDate": 44742,
        "curCode": "AUD"
      },
      {
        "revenue": 38314140,
        "netIncome": -5855330,
        "period": "2021A",
        "fPeriodEndDate": 44377,
        "curCode": "AUD"
      },
      {
        "revenue": 15762680,
        "netIncome": 849230,
        "period": "2020A",
        "fPeriodEndDate": 44012,
        "curCode": "AUD"
      },
      {
        "revenue": 5400880,
        "netIncome": -417750,
        "period": "2019A",
        "fPeriodEndDate": 43646,
        "curCode": "AUD"
      }
    ]
  },
  {
    "symbol": "MYR",
    "displayName": "MYER HOLDINGS LIMITED",
    "industry": "Retailing",
    "dateListed": "2009-11-02",
    "marketCap": 484554501,
    "xid": "21164388",
    "priceChangeFiveDayPercent": -10.236220472440936,
    "isRecentListing": false,
    "priceAsk": 0.59,
    "priceBid": 0.5700000000000001,
    "priceChange": -0.019999999999999907,
    "priceChangePercent": -3.3898305084745606,
    "priceLast": 0.5700000000000001,
    "sector": "Consumer Discretionary",
    "industryGroup": "Retailing",
    "securityType": 1,
    "volume": 3415759,
    "statusCode": "CD",
    "isin": "AU000000MYR2",
    "priceClose": 0.59,
    "priceDayHigh": 0.595,
    "priceDayLow": 0.56,
    "priceFiftyTwoWeekHigh": 0.665,
    "priceFiftyTwoWeekLow": 0.295,
    "volumeAverage": 2185954.765957,
    "dateExDate": "2022-09-28",
    "datePayDate": "2022-11-07",
    "dateRecordDate": "2022-09-29",
    "dividend": 0.025,
    "dividendType": "F",
    "frankingPercent": 100,
    "cashFlow": 126.6,
    "earningsPerShare": 0.0431,
    "freeCashFlowYield": -0.0000100000010000001,
    "priceEarningsRatio": 13.6891,
    "priceToCash": -99999.99,
    "foreignExempt": false,
    "shareDescription": "Ordinary Fully Paid",
    "numOfShares": 821278815,
    "yieldAnnual": 7.017543859649123,
    "incomeStatement": [
      {
        "revenue": 2250400000,
        "netIncome": 46400000,
        "period": "2021A",
        "fPeriodEndDate": 44408,
        "curCode": "AUD"
      },
      {
        "revenue": 2159800000,
        "netIncome": -172400000,
        "period": "2020A",
        "fPeriodEndDate": 44037,
        "curCode": "AUD"
      },
      {
        "revenue": 2498633000,
        "netIncome": 24474000,
        "period": "2019A",
        "fPeriodEndDate": 43673,
        "curCode": "AUD"
      },
      {
        "revenue": 2572287000,
        "netIncome": -486002000,
        "period": "2018A",
        "fPeriodEndDate": 43309,
        "curCode": "AUD"
      }
    ]
  },
  {
    "symbol": "NTD",
    "displayName": "NATIONAL TYRE & WHEEL LIMITED",
    "industry": "Retailing",
    "dateListed": "2017-12-15",
    "marketCap": 98952002,
    "xid": "442155986",
    "priceChangeFiveDayPercent": -8.176100628930824,
    "isRecentListing": false,
    "priceAsk": 0.74,
    "priceBid": 0.7000000000000001,
    "priceChange": -0.020000000000000018,
    "priceChangePercent": -2.666666666666669,
    "priceLast": 0.73,
    "sector": "Consumer Discretionary",
    "industryGroup": "Retailing",
    "securityType": 1,
    "volume": 129972,
    "statusCode": "XD",
    "isin": "AU000000NTD0",
    "priceClose": 0.75,
    "priceDayHigh": 0.755,
    "priceDayLow": 0.7000000000000001,
    "priceFiftyTwoWeekHigh": 1.63,
    "priceFiftyTwoWeekLow": 0.7,
    "volumeAverage": 116474.031915,
    "dateExDate": "2022-09-09",
    "datePayDate": "2022-10-07",
    "dateRecordDate": "2022-09-12",
    "dividend": 0.015,
    "dividendType": "F",
    "frankingPercent": 100,
    "cashFlow": -2.443,
    "earningsPerShare": 0.07518,
    "freeCashFlowYield": 0.30795762503079577,
    "priceEarningsRatio": 9.97606,
    "priceToCash": 3.2472,
    "foreignExempt": false,
    "shareDescription": "Ordinary Fully Paid",
    "numOfShares": 131936002,
    "yieldAnnual": 6.575342465753425,
    "incomeStatement": [
      {
        "revenue": 558714000,
        "netIncome": 9398000,
        "period": "2022A",
        "fPeriodEndDate": 44742,
        "curCode": "AUD"
      },
      {
        "revenue": 462890000,
        "netIncome": 20255000,
        "period": "2021A",
        "fPeriodEndDate": 44377,
        "curCode": "AUD"
      },
      {
        "revenue": 160170000,
        "netIncome": 4551000,
        "period": "2020A",
        "fPeriodEndDate": 44012,
        "curCode": "AUD"
      },
      {
        "revenue": 168585000,
        "netIncome": 6390000,
        "period": "2019A",
        "fPeriodEndDate": 43646,
        "curCode": "AUD"
      }
    ]
  },
  {
    "symbol": "NCK",
    "displayName": "NICK SCALI LIMITED",
    "industry": "Retailing",
    "dateListed": "2004-05-26",
    "marketCap": 855360000,
    "xid": "210076",
    "priceChangeFiveDayPercent": -5.248618784530374,
    "isRecentListing": false,
    "priceAsk": 10.290000000000001,
    "priceBid": 10.24,
    "priceChange": -0.2699999999999996,
    "priceChangePercent": -2.5568181818181777,
    "priceLast": 10.290000000000001,
    "sector": "Consumer Discretionary",
    "industryGroup": "Retailing",
    "securityType": 1,
    "volume": 295782,
    "statusCode": "CD",
    "isin": "AU000000NCK1",
    "priceClose": 10.56,
    "priceDayHigh": 10.58,
    "priceDayLow": 10.23,
    "priceFiftyTwoWeekHigh": 16.3,
    "priceFiftyTwoWeekLow": 7.06,
    "volumeAverage": 281582.851064,
    "dateExDate": "2022-09-30",
    "datePayDate": "2022-10-24",
    "dateRecordDate": "2022-10-03",
    "dividend": 0.35,
    "dividendType": "F",
    "frankingPercent": 100,
    "cashFlow": 54.76,
    "earningsPerShare": 0.92497,
    "freeCashFlowYield": 0.13617299417179587,
    "priceEarningsRatio": 11.41659,
    "priceToCash": 7.3436,
    "foreignExempt": false,
    "shareDescription": "Ordinary Fully Paid",
    "numOfShares": 81000000,
    "yieldAnnual": 6.802721088435375,
    "incomeStatement": [
      {
        "revenue": 440957000,
        "netIncome": 74922000,
        "period": "2022A",
        "fPeriodEndDate": 44742,
        "curCode": "AUD"
      },
      {
        "revenue": 373040000,
        "netIncome": 84241000,
        "period": "2021A",
        "fPeriodEndDate": 44377,
        "curCode": "AUD"
      },
      {
        "revenue": 262480000,
        "netIncome": 42076000,
        "period": "2020A",
        "fPeriodEndDate": 44012,
        "curCode": "AUD"
      },
      {
        "revenue": 268025000,
        "netIncome": 42116000,
        "period": "2019A",
        "fPeriodEndDate": 43646,
        "curCode": "AUD"
      }
    ]
  },
  {
    "symbol": "PWR",
    "displayName": "PETER WARREN AUTOMOTIVE HOLDINGS LIMITED",
    "industry": "Retailing",
    "dateListed": "2021-04-27",
    "marketCap": 491692876,
    "xid": "653032762",
    "priceChangeFiveDayPercent": -5.016722408026768,
    "isRecentListing": false,
    "priceAsk": 2.87,
    "priceBid": 2.8000000000000003,
    "priceChange": -0.020000000000000018,
    "priceChangePercent": -0.6993006993006999,
    "priceLast": 2.84,
    "sector": "Consumer Discretionary",
    "industryGroup": "Retailing",
    "securityType": 1,
    "volume": 41607,
    "statusCode": "XD",
    "isin": "AU0000143711",
    "priceClose": 2.86,
    "priceDayHigh": 2.89,
    "priceDayLow": 2.8000000000000003,
    "priceFiftyTwoWeekHigh": 3.37,
    "priceFiftyTwoWeekLow": 1.95,
    "volumeAverage": 72927.322581,
    "dateExDate": "2022-09-08",
    "datePayDate": "2022-10-07",
    "dateRecordDate": "2022-09-09",
    "dividend": 0.13,
    "dividendType": "F",
    "frankingPercent": 100,
    "cashFlow": 63.213,
    "earningsPerShare": 0.33265,
    "freeCashFlowYield": 0.16856868331001468,
    "priceEarningsRatio": 8.59763,
    "priceToCash": 5.9323,
    "foreignExempt": false,
    "shareDescription": "Ordinary Fully Paid",
    "numOfShares": 171920586,
    "yieldAnnual": 0,
    "incomeStatement": [
      {
        "revenue": 1711293000,
        "netIncome": 56513000,
        "period": "2022A",
        "fPeriodEndDate": 44742,
        "curCode": "AUD"
      },
      {
        "revenue": 1634983000,
        "netIncome": 37546000,
        "period": "2021A",
        "fPeriodEndDate": 44377,
        "curCode": "AUD"
      },
      {
        "revenue": 1391346000,
        "netIncome": 8908000,
        "period": "2020A",
        "fPeriodEndDate": 44012,
        "curCode": "AUD"
      },
      {
        "revenue": 1405471000,
        "netIncome": -438000,
        "period": "2019A",
        "fPeriodEndDate": 43646,
        "curCode": "AUD"
      }
    ]
  },
  {
    "symbol": "PMV",
    "displayName": "PREMIER INVESTMENTS LIMITED",
    "industry": "Retailing",
    "dateListed": "1987-12-15",
    "marketCap": 3524875608,
    "xid": "231303",
    "priceChangeFiveDayPercent": 0.23009664058905066,
    "isRecentListing": false,
    "priceAsk": 22.17,
    "priceBid": 21.580000000000002,
    "priceChange": -0.39000000000000057,
    "priceChangePercent": -1.7591339648173232,
    "priceLast": 21.78,
    "sector": "Consumer Discretionary",
    "industryGroup": "Retailing",
    "securityType": 1,
    "volume": 407640,
    "statusCode": "",
    "isin": "AU000000PMV2",
    "priceClose": 22.17,
    "priceDayHigh": 22.080000000000002,
    "priceDayLow": 21.580000000000002,
    "priceFiftyTwoWeekHigh": 32.62,
    "priceFiftyTwoWeekLow": 19.06,
    "volumeAverage": 301672.489362,
    "dateExDate": "2022-06-21",
    "datePayDate": "2022-07-27",
    "dateRecordDate": "2022-06-22",
    "dividend": 0.46,
    "dividendType": "I",
    "frankingPercent": 100,
    "cashFlow": 190.124,
    "earningsPerShare": 1.54853,
    "freeCashFlowYield": 0.11908703118413,
    "priceEarningsRatio": 14.3168,
    "priceToCash": 8.39722,
    "foreignExempt": false,
    "shareDescription": "Ordinary Fully Paid",
    "numOfShares": 158993036,
    "yieldAnnual": 4.224058769513316,
    "incomeStatement": [
      {
        "revenue": 1444596000,
        "netIncome": 271840000,
        "period": "2021A",
        "fPeriodEndDate": 44408,
        "curCode": "AUD"
      },
      {
        "revenue": 1218780000,
        "netIncome": 137753000,
        "period": "2020A",
        "fPeriodEndDate": 44037,
        "curCode": "AUD"
      },
      {
        "revenue": 1275066000,
        "netIncome": 106807000,
        "period": "2019A",
        "fPeriodEndDate": 43673,
        "curCode": "AUD"
      },
      {
        "revenue": 1187846000,
        "netIncome": 83638000,
        "period": "2018A",
        "fPeriodEndDate": 43309,
        "curCode": "AUD"
      }
    ]
  },
  {
    "symbol": "RBL",
    "displayName": "REDBUBBLE LIMITED",
    "industry": "Retailing",
    "dateListed": "2016-05-16",
    "marketCap": 206940167,
    "xid": "343972702",
    "priceChangeFiveDayPercent": -13.664596273291922,
    "isRecentListing": false,
    "priceAsk": 0.715,
    "priceBid": 0.6950000000000001,
    "priceChange": -0.05499999999999994,
    "priceChangePercent": -7.333333333333325,
    "priceLast": 0.6950000000000001,
    "sector": "Consumer Discretionary",
    "industryGroup": "Retailing",
    "securityType": 1,
    "volume": 1059772,
    "statusCode": "",
    "isin": "AU000000RBL2",
    "priceClose": 0.75,
    "priceDayHigh": 0.75,
    "priceDayLow": 0.6950000000000001,
    "priceFiftyTwoWeekHigh": 4.69,
    "priceFiftyTwoWeekLow": 0.695,
    "volumeAverage": 1592994.404255,
    "cashFlow": -8.4,
    "earningsPerShare": -0.08967,
    "freeCashFlowYield": -0.0000100000010000001,
    "priceEarningsRatio": -99999.99,
    "priceToCash": -99999.99,
    "foreignExempt": false,
    "shareDescription": "Ordinary Fully Paid",
    "numOfShares": 275920223,
    "yieldAnnual": 0,
    "incomeStatement": [
      {
        "revenue": 573393000,
        "netIncome": -24588000,
        "period": "2022A",
        "fPeriodEndDate": 44742,
        "curCode": "AUD"
      },
      {
        "revenue": 657323000,
        "netIncome": 31247000,
        "period": "2021A",
        "fPeriodEndDate": 44377,
        "curCode": "AUD"
      },
      {
        "revenue": 416257000,
        "netIncome": -8771000,
        "period": "2020A",
        "fPeriodEndDate": 44012,
        "curCode": "AUD"
      },
      {
        "revenue": 306954000,
        "netIncome": -27569000,
        "period": "2019A",
        "fPeriodEndDate": 43646,
        "curCode": "AUD"
      }
    ]
  },
  {
    "symbol": "SSG",
    "displayName": "SHAVER SHOP GROUP LIMITED",
    "industry": "Retailing",
    "dateListed": "2016-07-01",
    "marketCap": 145423868,
    "xid": "353800105",
    "priceChangeFiveDayPercent": -1.7857142857142871,
    "isRecentListing": false,
    "priceAsk": 1.1,
    "priceBid": 1.095,
    "priceChange": -0.010000000000000009,
    "priceChangePercent": -0.9009009009009016,
    "priceLast": 1.1,
    "securityType": 1,
    "volume": 67855,
    "statusCode": "",
    "isin": "AU000000SSG4",
    "priceClose": 1.11,
    "priceDayHigh": 1.11,
    "priceDayLow": 1.09,
    "priceFiftyTwoWeekHigh": 1.27,
    "priceFiftyTwoWeekLow": 0.94,
    "volumeAverage": 190386.553191,
    "dateExDate": "2022-09-05",
    "datePayDate": "2022-09-20",
    "dateRecordDate": "2022-09-06",
    "dividend": 0.055,
    "dividendType": "F",
    "frankingPercent": 100,
    "cashFlow": 14.34803,
    "earningsPerShare": 0.12862,
    "freeCashFlowYield": 0.2137898744839647,
    "priceEarningsRatio": 8.63007,
    "priceToCash": 4.67749,
    "foreignExempt": false,
    "shareDescription": "Ordinary Fully Paid",
    "numOfShares": 131012494,
    "yieldAnnual": 9.090909090909092,
    "incomeStatement": [
      {
        "revenue": 222745100,
        "netIncome": 16692480,
        "period": "2022A",
        "fPeriodEndDate": 44742,
        "curCode": "AUD"
      },
      {
        "revenue": 214558210,
        "netIncome": 17472500,
        "period": "2021A",
        "fPeriodEndDate": 44377,
        "curCode": "AUD"
      },
      {
        "revenue": 195962580,
        "netIncome": 10382440,
        "period": "2020A",
        "fPeriodEndDate": 44012,
        "curCode": "AUD"
      },
      {
        "revenue": 169045500,
        "netIncome": 6669600,
        "period": "2019A",
        "fPeriodEndDate": 43646,
        "curCode": "AUD"
      }
    ]
  },
  {
    "symbol": "STP",
    "displayName": "STEP ONE CLOTHING LIMITED",
    "industry": "Retailing",
    "dateListed": "2021-11-01",
    "marketCap": 50041879,
    "xid": "685523118",
    "priceChangeFiveDayPercent": -5.454545454545459,
    "isRecentListing": false,
    "priceAsk": 0.275,
    "priceBid": 0.26,
    "priceChange": -0.010000000000000009,
    "priceChangePercent": -3.703703703703707,
    "priceLast": 0.26,
    "sector": "Consumer Discretionary",
    "industryGroup": "Retailing",
    "securityType": 1,
    "volume": 149843,
    "statusCode": "",
    "isin": "AU0000181174",
    "priceClose": 0.27,
    "priceDayHigh": 0.27,
    "priceDayLow": 0.26,
    "priceFiftyTwoWeekHigh": 3.13,
    "priceFiftyTwoWeekLow": 0.205,
    "volumeAverage": 517064.684783,
    "cashFlow": -99999.99,
    "earningsPerShare": -99999.99,
    "freeCashFlowYield": -0.0000100000010000001,
    "priceEarningsRatio": -99999.99,
    "priceToCash": -99999.99,
    "foreignExempt": false,
    "shareDescription": "Ordinary Fully Paid",
    "numOfShares": 185340291,
    "yieldAnnual": 0,
    "incomeStatement": [
      {
        "revenue": 72718000,
        "netIncome": -3003000,
        "period": "2022A",
        "fPeriodEndDate": 44742,
        "curCode": "AUD"
      },
      {
        "revenue": 61853000,
        "netIncome": -118000,
        "period": "2021A",
        "fPeriodEndDate": 44377,
        "curCode": "AUD"
      },
      {
        "revenue": 22261900,
        "netIncome": 3741130,
        "period": "2020A",
        "fPeriodEndDate": 44012,
        "curCode": "AUD"
      },
      {
        "revenue": 7721530,
        "netIncome": 1574610,
        "period": "2019A",
        "fPeriodEndDate": 43646,
        "curCode": "AUD"
      }
    ]
  },
  {
    "symbol": "SRY",
    "displayName": "STORY-I LIMITED",
    "industry": "Retailing",
    "dateListed": "2015-01-20",
    "marketCap": -1,
    "xid": "82305786",
    "priceChangeFiveDayPercent": 0,
    "isRecentListing": false,
    "priceChange": 0,
    "priceChangePercent": 0,
    "priceLast": 0.024,
    "sector": "Consumer Discretionary",
    "industryGroup": "Retailing",
    "securityType": 1,
    "volume": 0,
    "statusCode": "",
    "isin": "AU000000SRY9",
    "priceClose": 0.024,
    "priceFiftyTwoWeekHigh": 0.031,
    "priceFiftyTwoWeekLow": 0.021,
    "cashFlow": -2.51085,
    "earningsPerShare": -0.00561,
    "freeCashFlowYield": 0.014300321042207399,
    "priceEarningsRatio": -99999.99,
    "priceToCash": 69.9285,
    "foreignExempt": false,
    "shareDescription": "Ordinary Fully Paid",
    "numOfShares": 376404857,
    "yieldAnnual": 0,
    "incomeStatement": [
      {
        "revenue": 42438530,
        "netIncome": -2119570,
        "period": "2022A",
        "fPeriodEndDate": 44742,
        "curCode": "AUD"
      },
      {
        "revenue": 41948850,
        "netIncome": -2314320,
        "period": "2021A",
        "fPeriodEndDate": 44377,
        "curCode": "AUD"
      },
      {
        "revenue": 42719570,
        "netIncome": -503750,
        "period": "2020A",
        "fPeriodEndDate": 44012,
        "curCode": "AUD"
      },
      {
        "revenue": 41488750,
        "netIncome": 735110,
        "period": "2019A",
        "fPeriodEndDate": 43646,
        "curCode": "AUD"
      }
    ]
  },
  {
    "symbol": "SUL",
    "displayName": "SUPER RETAIL GROUP LIMITED",
    "industry": "Retailing",
    "dateListed": "2004-07-06",
    "marketCap": 2217616230,
    "xid": "262270",
    "priceChangeFiveDayPercent": -4.183266932270898,
    "isRecentListing": false,
    "priceAsk": 9.8,
    "priceBid": 9.55,
    "priceChange": -0.1999999999999993,
    "priceChangePercent": -2.0366598778004,
    "priceLast": 9.620000000000001,
    "sector": "Consumer Discretionary",
    "industryGroup": "Retailing",
    "securityType": 1,
    "volume": 449651,
    "statusCode": "XD",
    "isin": "AU000000SUL0",
    "priceClose": 9.82,
    "priceDayHigh": 9.71,
    "priceDayLow": 9.53,
    "priceFiftyTwoWeekHigh": 13.56,
    "priceFiftyTwoWeekLow": 7.98,
    "volumeAverage": 669072.191489,
    "dateExDate": "2022-09-06",
    "datePayDate": "2022-10-17",
    "dateRecordDate": "2022-09-07",
    "dividend": 0.43,
    "dividendType": "F",
    "frankingPercent": 100,
    "cashFlow": 30.2,
    "earningsPerShare": 1.05847,
    "freeCashFlowYield": 0.24639098800322282,
    "priceEarningsRatio": 9.27754,
    "priceToCash": 4.05859,
    "foreignExempt": false,
    "shareDescription": "Ordinary Fully Paid",
    "numOfShares": 225826500,
    "yieldAnnual": 7.276507276507277,
    "incomeStatement": [
      {
        "revenue": 3550900000,
        "netIncome": 241200000,
        "period": "2022A",
        "fPeriodEndDate": 44744,
        "curCode": "AUD"
      },
      {
        "revenue": 3453100000,
        "netIncome": 301000000,
        "period": "2021A",
        "fPeriodEndDate": 44373,
        "curCode": "AUD"
      },
      {
        "revenue": 2825200000,
        "netIncome": 110200000,
        "period": "2020A",
        "fPeriodEndDate": 44009,
        "curCode": "AUD"
      },
      {
        "revenue": 2710400000,
        "netIncome": 139300000,
        "period": "2019A",
        "fPeriodEndDate": 43645,
        "curCode": "AUD"
      }
    ]
  },
  {
    "symbol": "SNL",
    "displayName": "SUPPLY NETWORK LIMITED",
    "industry": "Retailing",
    "dateListed": "1987-09-10",
    "marketCap": 432837188,
    "xid": "256840",
    "priceChangeFiveDayPercent": -3.738317757009333,
    "isRecentListing": false,
    "priceAsk": 10.6,
    "priceBid": 9.97,
    "priceChange": -0.29999999999999893,
    "priceChangePercent": -2.830188679245273,
    "priceLast": 10.3,
    "sector": "Consumer Discretionary",
    "industryGroup": "Retailing",
    "securityType": 1,
    "volume": 4500,
    "statusCode": "XD",
    "isin": "AU000000SNL5",
    "priceClose": 10.6,
    "priceDayHigh": 10.3,
    "priceDayLow": 10.3,
    "priceFiftyTwoWeekHigh": 11.49,
    "priceFiftyTwoWeekLow": 7.77,
    "volumeAverage": 22488.860759,
    "dateExDate": "2022-09-16",
    "datePayDate": "2022-10-03",
    "dateRecordDate": "2022-09-19",
    "dividend": 0.2,
    "dividendType": "F",
    "frankingPercent": 100,
    "cashFlow": 5.277,
    "earningsPerShare": 0.49024,
    "freeCashFlowYield": 0.06161668629158125,
    "priceEarningsRatio": 21.62206,
    "priceToCash": 16.22937,
    "foreignExempt": false,
    "shareDescription": "Ordinary Fully Paid",
    "numOfShares": 40833697,
    "yieldAnnual": 1.941747572815534,
    "incomeStatement": [
      {
        "revenue": 198500000,
        "netIncome": 20018000,
        "period": "2022A",
        "fPeriodEndDate": 44742,
        "curCode": "AUD"
      },
      {
        "revenue": 162615000,
        "netIncome": 13846000,
        "period": "2021A",
        "fPeriodEndDate": 44377,
        "curCode": "AUD"
      },
      {
        "revenue": 136836000,
        "netIncome": 9548000,
        "period": "2020A",
        "fPeriodEndDate": 44012,
        "curCode": "AUD"
      },
      {
        "revenue": 123898000,
        "netIncome": 8690000,
        "period": "2019A",
        "fPeriodEndDate": 43646,
        "curCode": "AUD"
      }
    ]
  },
  {
    "symbol": "TPW",
    "displayName": "TEMPLE & WEBSTER GROUP LTD",
    "industry": "Retailing",
    "dateListed": "2015-12-10",
    "marketCap": 670958947,
    "xid": "319835885",
    "priceChangeFiveDayPercent": -6.747404844290667,
    "isRecentListing": false,
    "priceAsk": 5.46,
    "priceBid": 5.3,
    "priceChange": -0.16000000000000014,
    "priceChangePercent": -2.8828828828828854,
    "priceLast": 5.39,
    "sector": "Consumer Discretionary",
    "industryGroup": "Retailing",
    "securityType": 1,
    "volume": 351309,
    "statusCode": "",
    "isin": "AU000000TPW5",
    "priceClose": 5.55,
    "priceDayHigh": 5.49,
    "priceDayLow": 5.3100000000000005,
    "priceFiftyTwoWeekHigh": 14.03,
    "priceFiftyTwoWeekLow": 2.96,
    "volumeAverage": 627031.138298,
    "cashFlow": 7.6,
    "earningsPerShare": 0.0935,
    "freeCashFlowYield": 0.022517025122695274,
    "priceEarningsRatio": 59.35829,
    "priceToCash": 44.41084,
    "foreignExempt": false,
    "shareDescription": "Ordinary Fully Paid",
    "numOfShares": 120893504,
    "yieldAnnual": 0,
    "incomeStatement": [
      {
        "revenue": 426754000,
        "netIncome": 11968000,
        "period": "2022A",
        "fPeriodEndDate": 44742,
        "curCode": "AUD"
      },
      {
        "revenue": 326782000,
        "netIncome": 13953000,
        "period": "2021A",
        "fPeriodEndDate": 44377,
        "curCode": "AUD"
      },
      {
        "revenue": 176571000,
        "netIncome": 13909000,
        "period": "2020A",
        "fPeriodEndDate": 44012,
        "curCode": "AUD"
      },
      {
        "revenue": 101755000,
        "netIncome": 3764000,
        "period": "2019A",
        "fPeriodEndDate": 43646,
        "curCode": "AUD"
      }
    ]
  },
  {
    "symbol": "TRS",
    "displayName": "THE REJECT SHOP LIMITED",
    "industry": "Retailing",
    "dateListed": "2004-06-01",
    "marketCap": 149082392,
    "xid": "272313",
    "priceChangeFiveDayPercent": -5.238095238095243,
    "isRecentListing": false,
    "priceAsk": 4.19,
    "priceBid": 3.93,
    "priceChange": 0.10000000000000009,
    "priceChangePercent": 2.5773195876288684,
    "priceLast": 3.98,
    "sector": "Consumer Discretionary",
    "industryGroup": "Retailing",
    "securityType": 1,
    "volume": 45171,
    "statusCode": "",
    "isin": "AU000000TRS9",
    "priceClose": 3.88,
    "priceDayHigh": 4.0600000000000005,
    "priceDayLow": 3.94,
    "priceFiftyTwoWeekHigh": 7.6,
    "priceFiftyTwoWeekLow": 2.82,
    "volumeAverage": 62504.978723,
    "dateExDate": "2019-03-15",
    "datePayDate": "2019-04-08",
    "dateRecordDate": "2019-03-18",
    "dividend": 0.1,
    "dividendType": "I",
    "frankingPercent": 100,
    "cashFlow": 99.689,
    "earningsPerShare": 0.19954,
    "freeCashFlowYield": 0.7768740143410944,
    "priceEarningsRatio": 19.44472,
    "priceToCash": 1.28721,
    "foreignExempt": false,
    "shareDescription": "Ordinary Fully Paid",
    "numOfShares": 38423297,
    "yieldAnnual": 0,
    "incomeStatement": [
      {
        "revenue": 788241000,
        "netIncome": 7902000,
        "period": "2022A",
        "fPeriodEndDate": 44745,
        "curCode": "AUD"
      },
      {
        "revenue": 778688000,
        "netIncome": 8319000,
        "period": "2021A",
        "fPeriodEndDate": 44374,
        "curCode": "AUD"
      },
      {
        "revenue": 820645000,
        "netIncome": 1120000,
        "period": "2020A",
        "fPeriodEndDate": 44010,
        "curCode": "AUD"
      },
      {
        "revenue": 793687000,
        "netIncome": -16899000,
        "period": "2019A",
        "fPeriodEndDate": 43646,
        "curCode": "AUD"
      }
    ]
  },
  {
    "symbol": "TGA",
    "displayName": "THORN GROUP LIMITED",
    "industry": "Retailing",
    "dateListed": "2006-12-13",
    "marketCap": 90384701,
    "xid": "6063603",
    "priceChangeFiveDayPercent": -3.703703703703707,
    "isRecentListing": false,
    "priceAsk": 0.26,
    "priceBid": 0.255,
    "priceChange": 0,
    "priceChangePercent": 0,
    "priceLast": 0.26,
    "sector": "Consumer Discretionary",
    "industryGroup": "Retailing",
    "securityType": 1,
    "volume": 105195,
    "statusCode": "",
    "isin": "AU000000TGA0",
    "priceClose": 0.26,
    "priceDayHigh": 0.26,
    "priceDayLow": 0.255,
    "priceFiftyTwoWeekHigh": 0.36,
    "priceFiftyTwoWeekLow": 0.185,
    "volumeAverage": 202398.119565,
    "dateExDate": "2022-08-24",
    "datePayDate": "2022-09-08",
    "dateRecordDate": "2022-08-25",
    "dividend": 0.03,
    "dividendType": "I",
    "frankingPercent": 100,
    "cashFlow": 60.305,
    "earningsPerShare": 0.03781,
    "freeCashFlowYield": 0.14233598979735626,
    "priceEarningsRatio": 6.87649,
    "priceToCash": 7.02563,
    "foreignExempt": false,
    "shareDescription": "Ordinary Fully Paid",
    "numOfShares": 347633465,
    "yieldAnnual": 3.8461538461538463,
    "incomeStatement": [
      {
        "revenue": 17296000,
        "netIncome": 32346000,
        "period": "2022A",
        "fPeriodEndDate": 44651,
        "curCode": "AUD"
      },
      {
        "revenue": 33442000,
        "netIncome": 8396000,
        "period": "2021A",
        "fPeriodEndDate": 44286,
        "curCode": "AUD"
      },
      {
        "revenue": 204299000,
        "netIncome": -81068000,
        "period": "2020A",
        "fPeriodEndDate": 43921,
        "curCode": "AUD"
      },
      {
        "revenue": 221857000,
        "netIncome": -14965000,
        "period": "2019A",
        "fPeriodEndDate": 43555,
        "curCode": "AUD"
      }
    ]
  },
  {
    "symbol": "TOY",
    "displayName": "TOYS'R'US ANZ LIMITED",
    "industry": "Retailing",
    "dateListed": "2000-09-14",
    "marketCap": 25855836,
    "xid": "113575",
    "priceChangeFiveDayPercent": -5.8823529411764754,
    "isRecentListing": false,
    "priceAsk": 0.032,
    "priceBid": 0.03,
    "priceChange": 0.0020000000000000018,
    "priceChangePercent": 6.666666666666673,
    "priceLast": 0.032,
    "sector": "Consumer Discretionary",
    "industryGroup": "Retailing",
    "securityType": 1,
    "volume": 780219,
    "statusCode": "",
    "isin": "AU0000160301",
    "priceClose": 0.03,
    "priceDayHigh": 0.032,
    "priceDayLow": 0.029,
    "priceFiftyTwoWeekHigh": 0.205,
    "priceFiftyTwoWeekLow": 0.029,
    "volumeAverage": 709209.550562,
    "dateExDate": "2013-11-14",
    "datePayDate": "2013-11-27",
    "dateRecordDate": "2013-11-20",
    "dividend": 0.005,
    "dividendType": "F",
    "frankingPercent": 100,
    "cashFlow": -4.067,
    "earningsPerShare": -0.01181,
    "freeCashFlowYield": -0.0000100000010000001,
    "priceEarningsRatio": -99999.99,
    "priceToCash": -99999.99,
    "foreignExempt": false,
    "shareDescription": "Ordinary Fully Paid",
    "numOfShares": 861861184,
    "yieldAnnual": 0,
    "incomeStatement": [
      {
        "revenue": 21827000,
        "netIncome": -3113000,
        "period": "2021A",
        "fPeriodEndDate": 44408,
        "curCode": "AUD"
      },
      {
        "revenue": 0,
        "netIncome": -9313000,
        "period": "2020A",
        "fPeriodEndDate": 44043,
        "curCode": "AUD"
      },
      {
        "revenue": 29959000,
        "netIncome": 7596000,
        "period": "2019A",
        "fPeriodEndDate": 43677,
        "curCode": "AUD"
      },
      {
        "revenue": 41750000,
        "netIncome": 28258000,
        "period": "2018A",
        "fPeriodEndDate": 43312,
        "curCode": "AUD"
      }
    ]
  },
  {
    "symbol": "TTA",
    "displayName": "TTA HOLDINGS LIMITED",
    "industry": "Retailing",
    "dateListed": "2006-02-16",
    "marketCap": 3985279,
    "xid": "3916121",
    "priceChangeFiveDayPercent": 0,
    "isRecentListing": false,
    "priceAsk": 0.034,
    "priceBid": 0.029,
    "priceChange": 0,
    "priceChangePercent": 0,
    "priceLast": 0.029,
    "sector": "Consumer Discretionary",
    "industryGroup": "Retailing",
    "securityType": 1,
    "volume": 0,
    "statusCode": "",
    "isin": "AU000000TTA3",
    "priceClose": 0.029,
    "priceFiftyTwoWeekHigh": 0.07,
    "priceFiftyTwoWeekLow": 0.027,
    "volumeAverage": 48989.083333,
    "dateExDate": "2013-07-08",
    "datePayDate": "2013-07-26",
    "dateRecordDate": "2013-07-12",
    "dividend": 0.004,
    "dividendType": "F",
    "frankingPercent": 100,
    "cashFlow": 0.363,
    "earningsPerShare": -0.01298,
    "freeCashFlowYield": -0.0000100000010000001,
    "priceEarningsRatio": -99999.99,
    "priceToCash": -99999.99,
    "foreignExempt": false,
    "shareDescription": "Ordinary Fully Paid",
    "numOfShares": 137423410,
    "yieldAnnual": 0,
    "incomeStatement": [
      {
        "revenue": 3099150,
        "netIncome": -1783710,
        "period": "2022A",
        "fPeriodEndDate": 44651,
        "curCode": "AUD"
      },
      {
        "revenue": 7730700,
        "netIncome": 843390,
        "period": "2021A",
        "fPeriodEndDate": 44286,
        "curCode": "AUD"
      },
      {
        "revenue": 3643560,
        "netIncome": -2679830,
        "period": "2020A",
        "fPeriodEndDate": 43921,
        "curCode": "AUD"
      },
      {
        "revenue": 13085010,
        "netIncome": -3496780,
        "period": "2019A",
        "fPeriodEndDate": 43555,
        "curCode": "AUD"
      }
    ]
  },
  {
    "symbol": "TRA",
    "displayName": "TURNERS AUTOMOTIVE GROUP LIMITED",
    "industry": "Retailing",
    "dateListed": "2017-07-28",
    "marketCap": 294780840,
    "xid": "419008734",
    "priceChangeFiveDayPercent": 0,
    "isRecentListing": false,
    "priceAsk": 3.39,
    "priceChange": 0,
    "priceChangePercent": 0,
    "priceLast": 3.4,
    "sector": "Consumer Discretionary",
    "industryGroup": "Retailing",
    "securityType": 1,
    "volume": 0,
    "statusCode": "",
    "isin": "NZVNLE0001S1",
    "priceClose": 3.4,
    "priceFiftyTwoWeekHigh": 3.4,
    "priceFiftyTwoWeekLow": 3.11,
    "volumeAverage": 637.333333,
    "dateExDate": "2022-07-18",
    "datePayDate": "2022-07-28",
    "dateRecordDate": "2022-07-19",
    "dividend": 0.0635,
    "dividendType": "F",
    "frankingPercent": 85,
    "cashFlow": -73.832,
    "earningsPerShare": 0.3639,
    "freeCashFlowYield": 0.1308734362260289,
    "priceEarningsRatio": 10.16763,
    "priceToCash": 7.64097,
    "foreignExempt": true,
    "shareDescription": "Ordinary Fully Paid Foreign Exempt Nzx",
    "numOfShares": 86700247,
    "yieldAnnual": 0,
    "incomeStatement": [
      {
        "revenue": 341459000,
        "netIncome": 31281000,
        "period": "2022A",
        "fPeriodEndDate": 44651,
        "curCode": "NZD"
      },
      {
        "revenue": 296057000,
        "netIncome": 26864000,
        "period": "2021A",
        "fPeriodEndDate": 44286,
        "curCode": "NZD"
      },
      {
        "revenue": 332022000,
        "netIncome": 20953000,
        "period": "2020A",
        "fPeriodEndDate": 43921,
        "curCode": "NZD"
      },
      {
        "revenue": 332075000,
        "netIncome": 22719000,
        "period": "2019A",
        "fPeriodEndDate": 43555,
        "curCode": "NZD"
      }
    ]
  },
  {
    "symbol": "UNI",
    "displayName": "UNIVERSAL STORE HOLDINGS LIMITED",
    "industry": "Retailing",
    "dateListed": "2020-11-16",
    "marketCap": 365979180,
    "xid": "626329749",
    "priceChangeFiveDayPercent": -2.3346303501945376,
    "isRecentListing": false,
    "priceAsk": 5.1000000000000005,
    "priceBid": 4.8,
    "priceChange": 0.020000000000000462,
    "priceChangePercent": 0.40000000000000924,
    "priceLast": 5.0200000000000005,
    "sector": "Consumer Discretionary",
    "industryGroup": "Retailing",
    "securityType": 1,
    "volume": 42728,
    "statusCode": "XD",
    "isin": "AU0000113565",
    "priceClose": 5,
    "priceDayHigh": 5.09,
    "priceDayLow": 4.93,
    "priceFiftyTwoWeekHigh": 8.56,
    "priceFiftyTwoWeekLow": 3.07,
    "volumeAverage": 75543.285714,
    "dateExDate": "2022-09-07",
    "datePayDate": "2022-09-29",
    "dateRecordDate": "2022-09-08",
    "dividend": 0.105,
    "dividendType": "F",
    "frankingPercent": 100,
    "cashFlow": 18.556,
    "earningsPerShare": 0.28894,
    "freeCashFlowYield": 0.12483771097573156,
    "priceEarningsRatio": 17.30463,
    "priceToCash": 8.0104,
    "foreignExempt": false,
    "shareDescription": "Ordinary Fully Paid",
    "numOfShares": 73195836,
    "yieldAnnual": 0,
    "incomeStatement": [
      {
        "revenue": 207969000,
        "netIncome": 20574000,
        "period": "2022A",
        "fPeriodEndDate": 44742,
        "curCode": "AUD"
      },
      {
        "revenue": 210817000,
        "netIncome": 24369000,
        "period": "2021A",
        "fPeriodEndDate": 44377,
        "curCode": "AUD"
      },
      {
        "revenue": 154868960,
        "netIncome": 12822530,
        "period": "2020A",
        "fPeriodEndDate": 44012,
        "curCode": "AUD"
      },
      {
        "revenue": 104507640,
        "netIncome": 7077180,
        "period": "2019A",
        "fPeriodEndDate": 43646,
        "curCode": "AUD"
      }
    ]
  },
  {
    "symbol": "VTG",
    "displayName": "VITA GROUP LIMITED",
    "industry": "Retailing",
    "dateListed": "2005-11-02",
    "marketCap": 21983979,
    "xid": "3347787",
    "priceChangeFiveDayPercent": 0,
    "isRecentListing": false,
    "priceAsk": 0.125,
    "priceBid": 0.12,
    "priceChange": 0,
    "priceChangePercent": 0,
    "priceLast": 0.125,
    "sector": "Consumer Discretionary",
    "industryGroup": "Retailing",
    "securityType": 1,
    "volume": 170233,
    "statusCode": "",
    "isin": "AU000000VTG6",
    "priceClose": 0.125,
    "priceDayHigh": 0.125,
    "priceDayLow": 0.12,
    "priceFiftyTwoWeekHigh": 0.98,
    "priceFiftyTwoWeekLow": 0.115,
    "volumeAverage": 406272.617021,
    "dateExDate": "2022-05-05",
    "datePayDate": "2022-05-13",
    "dateRecordDate": "2022-05-06",
    "dividend": 0.133,
    "dividendType": "I",
    "frankingPercent": 100,
    "cashFlow": -85.997,
    "earningsPerShare": -0.05165,
    "freeCashFlowYield": -0.0000100000010000001,
    "priceEarningsRatio": -99999.99,
    "priceToCash": -99999.99,
    "foreignExempt": false,
    "shareDescription": "Ordinary Fully Paid",
    "numOfShares": 175871832,
    "yieldAnnual": 19.2,
    "incomeStatement": [
      {
        "revenue": 24619000,
        "netIncome": -7426000,
        "period": "2022A",
        "fPeriodEndDate": 44742,
        "curCode": "AUD"
      },
      {
        "revenue": 28392000,
        "netIncome": 26338000,
        "period": "2021A",
        "fPeriodEndDate": 44377,
        "curCode": "AUD"
      },
      {
        "revenue": 773098000,
        "netIncome": 22407000,
        "period": "2020A",
        "fPeriodEndDate": 44012,
        "curCode": "AUD"
      },
      {
        "revenue": 753712000,
        "netIncome": 24282000,
        "period": "2019A",
        "fPeriodEndDate": 43646,
        "curCode": "AUD"
      }
    ]
  },
  {
    "symbol": "WEB",
    "displayName": "WEBJET LIMITED",
    "industry": "Retailing",
    "dateListed": "1997-11-19",
    "marketCap": 2068023558,
    "xid": "284512",
    "priceChangeFiveDayPercent": -1.3108614232209626,
    "isRecentListing": false,
    "priceAsk": 5.36,
    "priceBid": 5.26,
    "priceChange": -0.15999999999999925,
    "priceChangePercent": -2.946593001841607,
    "priceLast": 5.2700000000000005,
    "sector": "Consumer Discretionary",
    "industryGroup": "Consumer Services",
    "securityType": 1,
    "volume": 1748769,
    "statusCode": "",
    "isin": "AU000000WEB7",
    "priceClose": 5.43,
    "priceDayHigh": 5.45,
    "priceDayLow": 5.25,
    "priceFiftyTwoWeekHigh": 6.89,
    "priceFiftyTwoWeekLow": 4.55,
    "volumeAverage": 1791418.56383,
    "dateExDate": "2020-03-25",
    "datePayDate": "2021-12-23",
    "dateRecordDate": "2020-03-26",
    "dividend": 0.09,
    "dividendType": "I",
    "frankingPercent": 80,
    "cashFlow": 50.1,
    "earningsPerShare": -0.22496,
    "freeCashFlowYield": -0.0000100000010000001,
    "priceEarningsRatio": -99999.99,
    "priceToCash": -99999.99,
    "foreignExempt": false,
    "shareDescription": "Ordinary Fully Paid",
    "numOfShares": 380851484,
    "yieldAnnual": 0,
    "incomeStatement": [
      {
        "revenue": 138000000,
        "netIncome": -85000000,
        "period": "2022A",
        "fPeriodEndDate": 44651,
        "curCode": "AUD"
      },
      {
        "revenue": 38500000,
        "netIncome": -156600000,
        "period": "2021A",
        "fPeriodEndDate": 44286,
        "curCode": "AUD"
      },
      {
        "revenue": 266100000,
        "netIncome": -143500000,
        "period": "2020A",
        "fPeriodEndDate": 44012,
        "curCode": "AUD"
      },
      {
        "revenue": 366400000,
        "netIncome": 60300000,
        "period": "2019A",
        "fPeriodEndDate": 43646,
        "curCode": "AUD"
      }
    ]
  },
  {
    "symbol": "WES",
    "displayName": "WESFARMERS LIMITED",
    "industry": "Retailing",
    "dateListed": "1984-11-15",
    "marketCap": 52216018121,
    "xid": "284705",
    "priceChangeFiveDayPercent": -2.755651237890207,
    "isRecentListing": false,
    "priceAsk": 45.18,
    "priceBid": 45,
    "priceChange": -0.8699999999999974,
    "priceChangePercent": -1.8896611642050336,
    "priceLast": 45.17,
    "sector": "Consumer Discretionary",
    "industryGroup": "Retailing",
    "securityType": 1,
    "volume": 1314556,
    "statusCode": "XD",
    "isin": "AU000000WES1",
    "priceClose": 46.04,
    "priceDayHigh": 45.910000000000004,
    "priceDayLow": 45,
    "priceFiftyTwoWeekHigh": 61.335,
    "priceFiftyTwoWeekLow": 40.03,
    "volumeAverage": 2006817.255319,
    "dateExDate": "2022-08-31",
    "datePayDate": "2022-10-06",
    "dateRecordDate": "2022-09-01",
    "dividend": 1,
    "dividendType": "F",
    "frankingPercent": 100,
    "cashFlow": -770,
    "earningsPerShare": 2.07599,
    "freeCashFlowYield": 0.07522699746485019,
    "priceEarningsRatio": 22.17737,
    "priceToCash": 13.2931,
    "foreignExempt": false,
    "shareDescription": "Ordinary Fully Paid",
    "numOfShares": 1134144616,
    "yieldAnnual": 3.9849457604604823,
    "incomeStatement": [
      {
        "revenue": 36838000000,
        "netIncome": 2352000000,
        "period": "2022A",
        "fPeriodEndDate": 44742,
        "curCode": "AUD"
      },
      {
        "revenue": 33941000000,
        "netIncome": 2380000000,
        "period": "2021A",
        "fPeriodEndDate": 44377,
        "curCode": "AUD"
      },
      {
        "revenue": 30846000000,
        "netIncome": 1697000000,
        "period": "2020A",
        "fPeriodEndDate": 44012,
        "curCode": "AUD"
      },
      {
        "revenue": 27920000000,
        "netIncome": 5510000000,
        "period": "2019A",
        "fPeriodEndDate": 43646,
        "curCode": "AUD"
      }
    ]
  },
  {
    "symbol": "WHK",
    "displayName": "WHITEHAWK LIMITED",
    "industry": "Retailing",
    "dateListed": "2018-01-24",
    "marketCap": 13663485,
    "xid": "449597322",
    "priceChangeFiveDayPercent": -15.217391304347828,
    "isRecentListing": false,
    "priceAsk": 0.06,
    "priceBid": 0.057,
    "priceChange": -0.0014999999999999944,
    "priceChangePercent": -2.4999999999999907,
    "priceLast": 0.0585,
    "sector": "Consumer Discretionary",
    "industryGroup": "Retailing",
    "securityType": 1,
    "volume": 368500,
    "statusCode": "",
    "isin": "AU000000WHK1",
    "priceClose": 0.06,
    "priceDayHigh": 0.062,
    "priceDayLow": 0.057,
    "priceFiftyTwoWeekHigh": 0.205,
    "priceFiftyTwoWeekLow": 0.055,
    "volumeAverage": 314810.47191,
    "cashFlow": -0.86156,
    "earningsPerShare": -0.0105,
    "freeCashFlowYield": -0.0000100000010000001,
    "priceEarningsRatio": -99999.99,
    "priceToCash": -99999.99,
    "foreignExempt": false,
    "shareDescription": "Ordinary Fully Paid",
    "numOfShares": 227724749,
    "yieldAnnual": 0,
    "incomeStatement": [
      {
        "revenue": 2302520,
        "netIncome": -2465750,
        "period": "2021A",
        "fPeriodEndDate": 44561,
        "curCode": "USD"
      },
      {
        "revenue": 1888090,
        "netIncome": -1809630,
        "period": "2020A",
        "fPeriodEndDate": 44196,
        "curCode": "USD"
      },
      {
        "revenue": 1028850,
        "netIncome": -2748990,
        "period": "2019A",
        "fPeriodEndDate": 43830,
        "curCode": "USD"
      },
      {
        "revenue": 506530,
        "netIncome": -3479510,
        "period": "2018A",
        "fPeriodEndDate": 43465,
        "curCode": "USD"
      }
    ]
  }
]