[
  {
    "symbol": "AX1",
    "displayName": "ACCENT GROUP LIMITED",
    "industry": "Consumer Discretionary Distribution & Retail",
    "dateListed": "2004-07-07",
    "marketCap": 1231985706,
    "xid": "239745",
    "priceChangeFiveDayPercent": -0.896860986547086,
    "isRecentListing": false,
    "priceAsk": 2.22,
    "priceBid": 2.19,
    "priceChange": -0.020000000000000018,
    "priceChangePercent": -0.896860986547086,
    "priceLast": 2.21,
    "sector": "Consumer Discretionary",
    "industryGroup": "Consumer Discretionary Distribution & Retail",
    "securityType": 1,
    "volume": 963597,
    "statusCode": "",
    "isin": "AU000000AX19",
    "priceClose": 2.23,
    "priceDayHigh": 2.23,
    "priceDayLow": 2.18,
    "priceFiftyTwoWeekHigh": 2.43,
    "priceFiftyTwoWeekLow": 1.14,
    "volumeAverage": 1086097.076087,
    "dateExDate": "2023-02-28",
    "datePayDate": "2023-03-09",
    "dateRecordDate": "2023-03-01",
    "dividend": 0.12,
    "dividendType": "I",
    "frankingPercent": 100,
    "cashFlow": 152.973,
    "earningsPerShare": 0.13471,
    "freeCashFlowYield": 0.1969147398559372,
    "priceEarningsRatio": 16.10868,
    "priceToCash": 5.07834,
    "foreignExempt": false,
    "shareDescription": "Ordinary Fully Paid",
    "numOfShares": 552459958,
    "yieldAnnual": 7.239819004524886,
    "incomeStatement": [
      {
        "revenue": 1130583000,
        "netIncome": 31464000,
        "period": "2022A",
        "fPeriodEndDate": 44738,
        "curCode": "AUD"
      },
      {
        "revenue": 993751000,
        "netIncome": 76923000,
        "period": "2021A",
        "fPeriodEndDate": 44374,
        "curCode": "AUD"
      },
      {
        "revenue": 831056000,
        "netIncome": 55682000,
        "period": "2020A",
        "fPeriodEndDate": 44010,
        "curCode": "AUD"
      },
      {
        "revenue": 796732000,
        "netIncome": 53869000,
        "period": "2019A",
        "fPeriodEndDate": 43646,
        "curCode": "AUD"
      }
    ]
  },
  {
    "symbol": "ADH",
    "displayName": "ADAIRS LIMITED",
    "industry": "Consumer Discretionary Distribution & Retail",
    "dateListed": "2015-06-17",
    "marketCap": 347735308,
    "xid": "275023982",
    "priceChangeFiveDayPercent": -8.5972850678733,
    "isRecentListing": false,
    "priceAsk": 2.04,
    "priceBid": 2.02,
    "priceChange": 0,
    "priceChangePercent": 0,
    "priceLast": 2.02,
    "sector": "Consumer Discretionary",
    "industryGroup": "Consumer Discretionary Distribution & Retail",
    "securityType": 1,
    "volume": 277717,
    "statusCode": "XD",
    "isin": "AU000000ADH2",
    "priceClose": 2.02,
    "priceDayHigh": 2.04,
    "priceDayLow": 2,
    "priceFiftyTwoWeekHigh": 3.06,
    "priceFiftyTwoWeekLow": 1.65,
    "volumeAverage": 502221.619565,
    "dateExDate": "2023-03-20",
    "datePayDate": "2023-04-06",
    "dateRecordDate": "2023-03-21",
    "dividend": 0.08,
    "dividendType": "I",
    "frankingPercent": 100,
    "cashFlow": 50.463,
    "earningsPerShare": 0.28543,
    "freeCashFlowYield": 0.30180570352418523,
    "priceEarningsRatio": 7.18215,
    "priceToCash": 3.31339,
    "foreignExempt": false,
    "shareDescription": "Ordinary Fully Paid",
    "numOfShares": 172146192,
    "yieldAnnual": 8.91089108910891,
    "incomeStatement": [
      {
        "revenue": 564476000,
        "netIncome": 44890000,
        "period": "2022A",
        "fPeriodEndDate": 44738,
        "curCode": "AUD"
      },
      {
        "revenue": 499762000,
        "netIncome": 63742000,
        "period": "2021A",
        "fPeriodEndDate": 44374,
        "curCode": "AUD"
      },
      {
        "revenue": 388933000,
        "netIncome": 35281000,
        "period": "2020A",
        "fPeriodEndDate": 44010,
        "curCode": "AUD"
      },
      {
        "revenue": 344430000,
        "netIncome": 29643000,
        "period": "2019A",
        "fPeriodEndDate": 43646,
        "curCode": "AUD"
      }
    ]
  },
  {
    "symbol": "ABY",
    "displayName": "ADORE BEAUTY GROUP LIMITED",
    "industry": "Consumer Discretionary Distribution & Retail",
    "dateListed": "2020-10-23",
    "marketCap": 79535200,
    "xid": "622595226",
    "priceChangeFiveDayPercent": -2.409638554216856,
    "isRecentListing": false,
    "priceAsk": 0.835,
    "priceBid": 0.8,
    "priceChange": -0.03499999999999992,
    "priceChangePercent": -4.142011834319518,
    "priceLast": 0.81,
    "sector": "Consumer Discretionary",
    "industryGroup": "Consumer Discretionary Distribution & Retail",
    "securityType": 1,
    "volume": 34908,
    "statusCode": "",
    "isin": "AU0000109506",
    "priceClose": 0.845,
    "priceDayHigh": 0.865,
    "priceDayLow": 0.8,
    "priceFiftyTwoWeekHigh": 2.4,
    "priceFiftyTwoWeekLow": 0.8,
    "volumeAverage": 70619.565217,
    "cashFlow": 5.491,
    "earningsPerShare": 0.00337,
    "freeCashFlowYield": 0.028648353493179686,
    "priceEarningsRatio": 255.1929,
    "priceToCash": 34.90602,
    "foreignExempt": false,
    "shareDescription": "Ordinary Fully Paid",
    "numOfShares": 94124497,
    "yieldAnnual": 0,
    "incomeStatement": [
      {
        "revenue": 199660000,
        "netIncome": 2377000,
        "period": "2022A",
        "fPeriodEndDate": 44742,
        "curCode": "AUD"
      },
      {
        "revenue": 179277000,
        "netIncome": 845000,
        "period": "2021A",
        "fPeriodEndDate": 44377,
        "curCode": "AUD"
      },
      {
        "revenue": 121142080,
        "netIncome": -1229100,
        "period": "2020A",
        "fPeriodEndDate": 44012,
        "curCode": "AUD"
      },
      {
        "revenue": 73186510,
        "netIncome": 951190,
        "period": "2019A",
        "fPeriodEndDate": 43646,
        "curCode": "AUD"
      }
    ]
  },
  {
    "symbol": "AUK",
    "displayName": "AUMAKE LIMITED.",
    "industry": "Consumer Discretionary Distribution & Retail",
    "dateListed": "2011-12-07",
    "marketCap": 5258901,
    "xid": "39706329",
    "priceChangeFiveDayPercent": 0,
    "isRecentListing": false,
    "priceAsk": 0.005,
    "priceBid": 0.004,
    "priceChange": 0,
    "priceChangePercent": 0,
    "priceLast": 0.005,
    "sector": "Consumer Discretionary",
    "industryGroup": "Consumer Discretionary Distribution & Retail",
    "securityType": 1,
    "volume": 512952,
    "statusCode": "",
    "isin": "AU0000123432",
    "priceClose": 0.005,
    "priceDayHigh": 0.005,
    "priceDayLow": 0.005,
    "priceFiftyTwoWeekHigh": 0.012,
    "priceFiftyTwoWeekLow": 0.003,
    "volumeAverage": 2683537.774648,
    "dateExDate": "2014-08-13",
    "datePayDate": "2014-09-16",
    "dateRecordDate": "2014-08-15",
    "dividend": 0.04,
    "dividendType": "F",
    "frankingPercent": 100,
    "cashFlow": -2.84781,
    "earningsPerShare": -0.00705,
    "freeCashFlowYield": -0.0000100000010000001,
    "priceEarningsRatio": -99999.99,
    "priceToCash": -99999.99,
    "foreignExempt": false,
    "shareDescription": "Ordinary Fully Paid",
    "numOfShares": 1051780257,
    "yieldAnnual": 0,
    "incomeStatement": [
      {
        "revenue": 6879210,
        "netIncome": -6072800,
        "period": "2022A",
        "fPeriodEndDate": 44742,
        "curCode": "AUD"
      },
      {
        "revenue": 14337720,
        "netIncome": -20118890,
        "period": "2021A",
        "fPeriodEndDate": 44377,
        "curCode": "AUD"
      },
      {
        "revenue": 61319690,
        "netIncome": -5147950,
        "period": "2020A",
        "fPeriodEndDate": 44012,
        "curCode": "AUD"
      },
      {
        "revenue": 44511620,
        "netIncome": -7757240,
        "period": "2019A",
        "fPeriodEndDate": 43646,
        "curCode": "AUD"
      }
    ]
  },
  {
    "symbol": "ASG",
    "displayName": "AUTOSPORTS GROUP LIMITED.",
    "industry": "Consumer Discretionary Distribution & Retail",
    "dateListed": "2016-11-16",
    "marketCap": 428130000,
    "xid": "371017435",
    "priceChangeFiveDayPercent": -2.293577981651388,
    "isRecentListing": false,
    "priceAsk": 2.17,
    "priceBid": 2.13,
    "priceChange": 0,
    "priceChangePercent": 0,
    "priceLast": 2.13,
    "sector": "Consumer Discretionary",
    "industryGroup": "Consumer Discretionary Distribution & Retail",
    "securityType": 1,
    "volume": 22316,
    "statusCode": "CD",
    "isin": "AU000000ASG2",
    "priceClose": 2.13,
    "priceDayHigh": 2.2,
    "priceDayLow": 2.13,
    "priceFiftyTwoWeekHigh": 2.33,
    "priceFiftyTwoWeekLow": 1.38,
    "volumeAverage": 36107.23913,
    "dateExDate": "2023-05-16",
    "datePayDate": "2023-05-31",
    "dateRecordDate": "2023-05-17",
    "dividend": 0.09,
    "dividendType": "I",
    "frankingPercent": 100,
    "cashFlow": 66.426,
    "earningsPerShare": 0.3339,
    "freeCashFlowYield": 0.2763942708995528,
    "priceEarningsRatio": 6.49895,
    "priceToCash": 3.61802,
    "foreignExempt": false,
    "shareDescription": "Ordinary Fully Paid",
    "numOfShares": 201000000,
    "yieldAnnual": 0,
    "incomeStatement": [
      {
        "revenue": 1875962000,
        "netIncome": 53376000,
        "period": "2022A",
        "fPeriodEndDate": 44742,
        "curCode": "AUD"
      },
      {
        "revenue": 1978415000,
        "netIncome": 41932000,
        "period": "2021A",
        "fPeriodEndDate": 44377,
        "curCode": "AUD"
      },
      {
        "revenue": 1701706000,
        "netIncome": -102446000,
        "period": "2020A",
        "fPeriodEndDate": 44012,
        "curCode": "AUD"
      },
      {
        "revenue": 1693640000,
        "netIncome": 11218000,
        "period": "2019A",
        "fPeriodEndDate": 43646,
        "curCode": "AUD"
      }
    ]
  },
  {
    "symbol": "BBN",
    "displayName": "BABY BUNTING GROUP LIMITED",
    "industry": "Consumer Discretionary Distribution & Retail",
    "dateListed": "2015-10-14",
    "marketCap": 259020459,
    "xid": "308353064",
    "priceChangeFiveDayPercent": 0,
    "isRecentListing": false,
    "priceAsk": 1.94,
    "priceBid": 1.92,
    "priceChange": 0,
    "priceChangePercent": 0,
    "priceLast": 1.92,
    "sector": "Consumer Discretionary",
    "industryGroup": "Consumer Discretionary Distribution & Retail",
    "securityType": 1,
    "volume": 388570,
    "statusCode": "",
    "isin": "AU000000BBN2",
    "priceClose": 1.92,
    "priceDayHigh": 1.935,
    "priceDayLow": 1.8900000000000001,
    "priceFiftyTwoWeekHigh": 5.16,
    "priceFiftyTwoWeekLow": 1.81,
    "volumeAverage": 543815.456522,
    "dateExDate": "2023-03-02",
    "datePayDate": "2023-03-17",
    "dateRecordDate": "2023-03-03",
    "dividend": 0.027,
    "dividendType": "I",
    "frankingPercent": 100,
    "cashFlow": 10.295,
    "earningsPerShare": 0.10523,
    "freeCashFlowYield": 0.14021961195624588,
    "priceEarningsRatio": 17.53302,
    "priceToCash": 7.13167,
    "foreignExempt": false,
    "shareDescription": "Ordinary Fully Paid",
    "numOfShares": 134906489,
    "yieldAnnual": 6.09375,
    "incomeStatement": [
      {
        "revenue": 507274000,
        "netIncome": 19521000,
        "period": "2022A",
        "fPeriodEndDate": 44738,
        "curCode": "AUD"
      },
      {
        "revenue": 468377000,
        "netIncome": 17039000,
        "period": "2021A",
        "fPeriodEndDate": 44374,
        "curCode": "AUD"
      },
      {
        "revenue": 405180000,
        "netIncome": 9986000,
        "period": "2020A",
        "fPeriodEndDate": 44010,
        "curCode": "AUD"
      },
      {
        "revenue": 368023000,
        "netIncome": 11646000,
        "period": "2019A",
        "fPeriodEndDate": 43646,
        "curCode": "AUD"
      }
    ]
  },
  {
    "symbol": "BAP",
    "displayName": "BAPCOR LIMITED",
    "industry": "Consumer Discretionary Distribution & Retail",
    "dateListed": "2014-04-24",
    "marketCap": 2229940125,
    "xid": "74087881",
    "priceChangeFiveDayPercent": 1.4040561622464875,
    "isRecentListing": false,
    "priceAsk": 6.58,
    "priceBid": 6.4,
    "priceChange": -0.07000000000000028,
    "priceChangePercent": -1.0654490106544945,
    "priceLast": 6.5,
    "sector": "Consumer Discretionary",
    "industryGroup": "Consumer Discretionary Distribution & Retail",
    "securityType": 1,
    "volume": 1042167,
    "statusCode": "",
    "isin": "AU000000BAP9",
    "priceClose": 6.57,
    "priceDayHigh": 6.69,
    "priceDayLow": 6.48,
    "priceFiftyTwoWeekHigh": 7.06,
    "priceFiftyTwoWeekLow": 5.445,
    "volumeAverage": 861906.630435,
    "dateExDate": "2023-02-27",
    "datePayDate": "2023-03-17",
    "dateRecordDate": "2023-02-28",
    "dividend": 0.105,
    "dividendType": "I",
    "frankingPercent": 100,
    "cashFlow": -26.67,
    "earningsPerShare": 0.36212,
    "freeCashFlowYield": 0.09784257130277385,
    "priceEarningsRatio": 18.11554,
    "priceToCash": 10.2205,
    "foreignExempt": false,
    "shareDescription": "Ordinary Fully Paid",
    "numOfShares": 339412500,
    "yieldAnnual": 3.3846153846153846,
    "incomeStatement": [
      {
        "revenue": 1841905000,
        "netIncome": 125759000,
        "period": "2022A",
        "fPeriodEndDate": 44742,
        "curCode": "AUD"
      },
      {
        "revenue": 1761673000,
        "netIncome": 118765000,
        "period": "2021A",
        "fPeriodEndDate": 44377,
        "curCode": "AUD"
      },
      {
        "revenue": 1462747000,
        "netIncome": 79172000,
        "period": "2020A",
        "fPeriodEndDate": 44012,
        "curCode": "AUD"
      },
      {
        "revenue": 1296582000,
        "netIncome": 96978000,
        "period": "2019A",
        "fPeriodEndDate": 43646,
        "curCode": "AUD"
      }
    ]
  },
  {
    "symbol": "BLX",
    "displayName": "BEACON LIGHTING GROUP LIMITED",
    "industry": "Consumer Discretionary Distribution & Retail",
    "dateListed": "2014-04-15",
    "marketCap": 403150339,
    "xid": "73850034",
    "priceChangeFiveDayPercent": 0,
    "isRecentListing": false,
    "priceAsk": 1.795,
    "priceBid": 1.76,
    "priceChange": -0.014999999999999902,
    "priceChangePercent": -0.8356545961002732,
    "priceLast": 1.78,
    "sector": "Consumer Discretionary",
    "industryGroup": "Consumer Discretionary Distribution & Retail",
    "securityType": 1,
    "volume": 489855,
    "statusCode": "",
    "isin": "AU000000BLX0",
    "priceClose": 1.795,
    "priceDayHigh": 1.79,
    "priceDayLow": 1.7650000000000001,
    "priceFiftyTwoWeekHigh": 2.91,
    "priceFiftyTwoWeekLow": 1.66,
    "volumeAverage": 159491.141304,
    "dateExDate": "2023-03-02",
    "datePayDate": "2023-03-17",
    "dateRecordDate": "2023-03-03",
    "dividend": 0.043,
    "dividendType": "I",
    "frankingPercent": 100,
    "cashFlow": 22.929,
    "earningsPerShare": 0.18237,
    "freeCashFlowYield": 0.17618941066404029,
    "priceEarningsRatio": 9.70554,
    "priceToCash": 5.67571,
    "foreignExempt": false,
    "shareDescription": "Ordinary Fully Paid",
    "numOfShares": 224596289,
    "yieldAnnual": 5.224719101123595,
    "incomeStatement": [
      {
        "revenue": 304793000,
        "netIncome": 40726000,
        "period": "2022A",
        "fPeriodEndDate": 44738,
        "curCode": "AUD"
      },
      {
        "revenue": 289314000,
        "netIncome": 37658000,
        "period": "2021A",
        "fPeriodEndDate": 44374,
        "curCode": "AUD"
      },
      {
        "revenue": 252549000,
        "netIncome": 22225000,
        "period": "2020A",
        "fPeriodEndDate": 44010,
        "curCode": "AUD"
      },
      {
        "revenue": 247679000,
        "netIncome": 16044000,
        "period": "2019A",
        "fPeriodEndDate": 43646,
        "curCode": "AUD"
      }
    ]
  },
  {
    "symbol": "BST",
    "displayName": "BEST & LESS GROUP HOLDINGS LTD",
    "industry": "Consumer Discretionary Distribution & Retail",
    "dateListed": "2021-07-26",
    "marketCap": 243838679,
    "xid": "666709492",
    "priceChangeFiveDayPercent": -5.3658536585365795,
    "isRecentListing": false,
    "priceAsk": 1.98,
    "priceBid": 1.94,
    "priceChange": -0.0050000000000001155,
    "priceChangePercent": -0.2570694087403658,
    "priceLast": 1.94,
    "sector": "Consumer Discretionary",
    "industryGroup": "Consumer Discretionary Distribution & Retail",
    "securityType": 1,
    "volume": 32006,
    "statusCode": "CD",
    "isin": "AU0000160798",
    "priceClose": 1.945,
    "priceDayHigh": 1.97,
    "priceDayLow": 1.925,
    "priceFiftyTwoWeekHigh": 3.26,
    "priceFiftyTwoWeekLow": 1.635,
    "volumeAverage": 261029.706522,
    "dateExDate": "2023-04-13",
    "datePayDate": "2023-04-28",
    "dateRecordDate": "2023-04-14",
    "dividend": 0.08,
    "dividendType": "I",
    "frankingPercent": 100,
    "cashFlow": -99999.99,
    "earningsPerShare": -99999.99,
    "freeCashFlowYield": -0.0000100000010000001,
    "priceEarningsRatio": -99999.99,
    "priceToCash": -99999.99,
    "foreignExempt": false,
    "shareDescription": "Ordinary Fully Paid",
    "numOfShares": 125366930,
    "yieldAnnual": 0,
    "incomeStatement": [
      {
        "revenue": 622181000,
        "netIncome": 36113000,
        "period": "2022A",
        "fPeriodEndDate": 44745,
        "curCode": "AUD"
      },
      {
        "revenue": 576071000,
        "netIncome": 81229000,
        "period": "2021A",
        "fPeriodEndDate": 44374,
        "curCode": "AUD"
      }
    ]
  },
  {
    "symbol": "BEX",
    "displayName": "BIKEEXCHANGE LIMITED",
    "industry": "Consumer Discretionary Distribution & Retail",
    "dateListed": "2021-02-09",
    "marketCap": 8386588,
    "xid": "636110447",
    "priceChangeFiveDayPercent": 11.111111111111121,
    "isRecentListing": false,
    "priceAsk": 0.011,
    "priceBid": 0.01,
    "priceChange": 0.0009999999999999992,
    "priceChangePercent": 11.111111111111102,
    "priceLast": 0.01,
    "sector": "Consumer Discretionary",
    "industryGroup": "Consumer Discretionary Distribution & Retail",
    "securityType": 1,
    "volume": 480506,
    "statusCode": "",
    "isin": "AU0000130130",
    "priceClose": 0.009000000000000001,
    "priceDayHigh": 0.01,
    "priceDayLow": 0.01,
    "priceFiftyTwoWeekHigh": 0.085,
    "priceFiftyTwoWeekLow": 0.009,
    "volumeAverage": 876164.608108,
    "cashFlow": -13.20949,
    "earningsPerShare": -0.04994,
    "freeCashFlowYield": -0.0000100000010000001,
    "priceEarningsRatio": -99999.99,
    "priceToCash": -99999.99,
    "foreignExempt": false,
    "shareDescription": "Ordinary Fully Paid",
    "numOfShares": 931843166,
    "yieldAnnual": 0,
    "incomeStatement": [
      {
        "revenue": 6576090,
        "netIncome": -14320200,
        "period": "2022A",
        "fPeriodEndDate": 44742,
        "curCode": "AUD"
      },
      {
        "revenue": 4459730,
        "netIncome": -11122030,
        "period": "2021A",
        "fPeriodEndDate": 44377,
        "curCode": "AUD"
      },
      {
        "revenue": 0,
        "netIncome": -63350,
        "period": "2020A",
        "fPeriodEndDate": 44012,
        "curCode": "AUD"
      },
      {
        "revenue": 0,
        "netIncome": -153670,
        "period": "2019A",
        "fPeriodEndDate": 43646,
        "curCode": "AUD"
      }
    ]
  },
  {
    "symbol": "BOD",
    "displayName": "BOD SCIENCE LIMITED",
    "industry": "Consumer Discretionary Distribution & Retail",
    "dateListed": "2016-10-27",
    "marketCap": 7656075,
    "xid": "368583474",
    "priceChangeFiveDayPercent": -16.66666666666666,
    "isRecentListing": false,
    "priceAsk": 0.05,
    "priceBid": 0.048,
    "priceChange": 0,
    "priceChangePercent": 0,
    "priceLast": 0.05,
    "sector": "Health Care",
    "industryGroup": "Pharmaceuticals, Biotechnology & Life Sciences",
    "securityType": 1,
    "volume": 33213,
    "statusCode": "",
    "isin": "AU0000181331",
    "priceClose": 0.05,
    "priceDayHigh": 0.052000000000000005,
    "priceDayLow": 0.05,
    "priceFiftyTwoWeekHigh": 0.19734,
    "priceFiftyTwoWeekLow": 0.05,
    "volumeAverage": 136875.682353,
    "cashFlow": -4.10365,
    "earningsPerShare": -0.0546,
    "freeCashFlowYield": -0.0000100000010000001,
    "priceEarningsRatio": -99999.99,
    "priceToCash": -99999.99,
    "foreignExempt": false,
    "shareDescription": "Ordinary Fully Paid",
    "numOfShares": 153121493,
    "yieldAnnual": 0,
    "incomeStatement": [
      {
        "revenue": 5085600,
        "netIncome": -5406540,
        "period": "2022A",
        "fPeriodEndDate": 44742,
        "curCode": "AUD"
      },
      {
        "revenue": 7439510,
        "netIncome": -4226110,
        "period": "2021A",
        "fPeriodEndDate": 44377,
        "curCode": "AUD"
      },
      {
        "revenue": 6001230,
        "netIncome": -4819140,
        "period": "2020A",
        "fPeriodEndDate": 44012,
        "curCode": "AUD"
      },
      {
        "revenue": 1344350,
        "netIncome": -7623570,
        "period": "2019A",
        "fPeriodEndDate": 43646,
        "curCode": "AUD"
      }
    ]
  },
  {
    "symbol": "BKG",
    "displayName": "BOOKTOPIA GROUP LIMITED",
    "industry": "Consumer Discretionary Distribution & Retail",
    "dateListed": "2020-12-03",
    "marketCap": 32279435,
    "xid": "627696750",
    "priceChangeFiveDayPercent": -5.999999999999995,
    "isRecentListing": false,
    "priceAsk": 0.25,
    "priceBid": 0.23500000000000001,
    "priceChange": 0,
    "priceChangePercent": 0,
    "priceLast": 0.23500000000000001,
    "sector": "Consumer Discretionary",
    "industryGroup": "Consumer Discretionary Distribution & Retail",
    "securityType": 1,
    "volume": 1340,
    "statusCode": "",
    "isin": "AU0000114977",
    "priceClose": 0.23500000000000001,
    "priceDayHigh": 0.23500000000000001,
    "priceDayLow": 0.23500000000000001,
    "priceFiftyTwoWeekHigh": 0.82,
    "priceFiftyTwoWeekLow": 0.17,
    "volumeAverage": 167034.689655,
    "cashFlow": -5.05,
    "earningsPerShare": -0.13409,
    "freeCashFlowYield": -0.0000100000010000001,
    "priceEarningsRatio": -99999.99,
    "priceToCash": -99999.99,
    "foreignExempt": false,
    "shareDescription": "Ordinary Fully Paid",
    "numOfShares": 137359299,
    "yieldAnnual": 0,
    "incomeStatement": [
      {
        "revenue": 240751000,
        "netIncome": -15087000,
        "period": "2022A",
        "fPeriodEndDate": 44742,
        "curCode": "AUD"
      },
      {
        "revenue": 223886000,
        "netIncome": -18078000,
        "period": "2021A",
        "fPeriodEndDate": 44377,
        "curCode": "AUD"
      },
      {
        "revenue": 165678000,
        "netIncome": 196000,
        "period": "2020A",
        "fPeriodEndDate": 44012,
        "curCode": "AUD"
      },
      {
        "revenue": 129113000,
        "netIncome": 25000,
        "period": "2019A",
        "fPeriodEndDate": 43646,
        "curCode": "AUD"
      }
    ]
  },
  {
    "symbol": "BGP",
    "displayName": "BRISCOE GROUP AUSTRALASIA LIMITED",
    "industry": "Consumer Discretionary Distribution & Retail",
    "dateListed": "2017-07-20",
    "marketCap": 957892845,
    "xid": "417550502",
    "priceChangeFiveDayPercent": 0,
    "isRecentListing": false,
    "priceAsk": 4.41,
    "priceBid": 4.3,
    "priceChange": 0,
    "priceChangePercent": 0,
    "priceLast": 4.3,
    "sector": "Consumer Discretionary",
    "industryGroup": "Consumer Discretionary Distribution & Retail",
    "securityType": 1,
    "volume": 0,
    "statusCode": "XD",
    "isin": "NZBGRE0001S4",
    "priceClose": 4.3,
    "priceFiftyTwoWeekHigh": 5.13,
    "priceFiftyTwoWeekLow": 4.2,
    "volumeAverage": 912.36,
    "dateExDate": "2023-03-22",
    "datePayDate": "2023-03-30",
    "dateRecordDate": "2023-03-23",
    "dividend": 0.1494,
    "dividendType": "I",
    "frankingPercent": 0,
    "cashFlow": 66.733,
    "earningsPerShare": 0.39671,
    "freeCashFlowYield": 0.11477775010358693,
    "priceEarningsRatio": 12.09952,
    "priceToCash": 8.71249,
    "foreignExempt": true,
    "shareDescription": "Ordinary Fully Paid Foreign Exempt Nzx",
    "numOfShares": 222765778,
    "yieldAnnual": 0,
    "incomeStatement": [
      {
        "revenue": 785854000,
        "netIncome": 88437000,
        "period": "2023A",
        "fPeriodEndDate": 44955,
        "curCode": "NZD"
      },
      {
        "revenue": 744450000,
        "netIncome": 87909000,
        "period": "2022A",
        "fPeriodEndDate": 44591,
        "curCode": "NZD"
      },
      {
        "revenue": 701797000,
        "netIncome": 73199000,
        "period": "2021A",
        "fPeriodEndDate": 44227,
        "curCode": "NZD"
      },
      {
        "revenue": 653017000,
        "netIncome": 62583000,
        "period": "2020A",
        "fPeriodEndDate": 43856,
        "curCode": "NZD"
      }
    ]
  },
  {
    "symbol": "CTT",
    "displayName": "CETTIRE LIMITED",
    "industry": "Consumer Discretionary Distribution & Retail",
    "dateListed": "2020-12-18",
    "marketCap": 512765406,
    "xid": "631703762",
    "priceChangeFiveDayPercent": -9.459459459459453,
    "isRecentListing": false,
    "priceAsk": 1.405,
    "priceBid": 1.32,
    "priceChange": -0.004999999999999893,
    "priceChangePercent": -0.3717472118959029,
    "priceLast": 1.34,
    "sector": "Consumer Discretionary",
    "industryGroup": "Consumer Discretionary Distribution & Retail",
    "securityType": 1,
    "volume": 323475,
    "statusCode": "",
    "isin": "AU0000122210",
    "priceClose": 1.345,
    "priceDayHigh": 1.37,
    "priceDayLow": 1.295,
    "priceFiftyTwoWeekHigh": 2.15,
    "priceFiftyTwoWeekLow": 0.33,
    "volumeAverage": 895046.815217,
    "cashFlow": -1.09972,
    "earningsPerShare": -0.00719,
    "freeCashFlowYield": 0.0006215403510211287,
    "priceEarningsRatio": -99999.99,
    "priceToCash": 1608.906,
    "foreignExempt": false,
    "shareDescription": "Ordinary Fully Paid",
    "numOfShares": 381238220,
    "yieldAnnual": 0,
    "incomeStatement": [
      {
        "revenue": 209883860,
        "netIncome": -19062340,
        "period": "2022A",
        "fPeriodEndDate": 44742,
        "curCode": "AUD"
      },
      {
        "revenue": 92409190,
        "netIncome": -251140,
        "period": "2021A",
        "fPeriodEndDate": 44377,
        "curCode": "AUD"
      },
      {
        "revenue": 22856480,
        "netIncome": 1532140,
        "period": "2020A",
        "fPeriodEndDate": 44012,
        "curCode": "AUD"
      },
      {
        "revenue": 5709830,
        "netIncome": 240880,
        "period": "2019A",
        "fPeriodEndDate": 43646,
        "curCode": "AUD"
      }
    ]
  },
  {
    "symbol": "CCX",
    "displayName": "CITY CHIC COLLECTIVE LIMITED",
    "industry": "Consumer Discretionary Distribution & Retail",
    "dateListed": "1998-05-28",
    "marketCap": 112499474,
    "xid": "205172",
    "priceChangeFiveDayPercent": 4.3956043956043995,
    "isRecentListing": false,
    "priceAsk": 0.47500000000000003,
    "priceBid": 0.45,
    "priceChange": 0.0050000000000000044,
    "priceChangePercent": 1.0638297872340434,
    "priceLast": 0.47500000000000003,
    "sector": "Consumer Discretionary",
    "industryGroup": "Consumer Discretionary Distribution & Retail",
    "securityType": 1,
    "volume": 1377239,
    "statusCode": "",
    "isin": "AU0000031767",
    "priceClose": 0.47000000000000003,
    "priceDayHigh": 0.48,
    "priceDayLow": 0.445,
    "priceFiftyTwoWeekHigh": 3.58,
    "priceFiftyTwoWeekLow": 0.375,
    "volumeAverage": 4101520.478261,
    "dateExDate": "2019-09-13",
    "datePayDate": "2019-09-30",
    "dateRecordDate": "2019-09-16",
    "dividend": 0.015,
    "dividendType": "F",
    "frankingPercent": 100,
    "cashFlow": -42.974,
    "earningsPerShare": -0.0749,
    "freeCashFlowYield": -0.0000100000010000001,
    "priceEarningsRatio": -99999.99,
    "priceToCash": -99999.99,
    "foreignExempt": false,
    "shareDescription": "Ordinary Fully Paid",
    "numOfShares": 239360583,
    "yieldAnnual": 0,
    "incomeStatement": [
      {
        "revenue": 369852000,
        "netIncome": 22277000,
        "period": "2022A",
        "fPeriodEndDate": 44745,
        "curCode": "AUD"
      },
      {
        "revenue": 266974000,
        "netIncome": 21556000,
        "period": "2021A",
        "fPeriodEndDate": 44374,
        "curCode": "AUD"
      },
      {
        "revenue": 195426000,
        "netIncome": 9657000,
        "period": "2020A",
        "fPeriodEndDate": 44012,
        "curCode": "AUD"
      },
      {
        "revenue": 149273000,
        "netIncome": 15978000,
        "period": "2019A",
        "fPeriodEndDate": 43646,
        "curCode": "AUD"
      }
    ]
  },
  {
    "symbol": "DSK",
    "displayName": "DUSK GROUP LIMITED",
    "industry": "Consumer Discretionary Distribution & Retail",
    "dateListed": "2020-11-02",
    "marketCap": 93401798,
    "xid": "622866912",
    "priceChangeFiveDayPercent": -1.3157894736842117,
    "isRecentListing": false,
    "priceAsk": 1.5,
    "priceBid": 1.465,
    "priceChange": 0,
    "priceChangePercent": 0,
    "priceLast": 1.5,
    "sector": "Consumer Discretionary",
    "industryGroup": "Consumer Discretionary Distribution & Retail",
    "securityType": 1,
    "volume": 118068,
    "statusCode": "XD",
    "isin": "AU0000109662",
    "priceClose": 1.5,
    "priceDayHigh": 1.5175,
    "priceDayLow": 1.48,
    "priceFiftyTwoWeekHigh": 2.72,
    "priceFiftyTwoWeekLow": 1.45,
    "volumeAverage": 158417.630435,
    "dateExDate": "2023-03-13",
    "datePayDate": "2023-03-28",
    "dateRecordDate": "2023-03-14",
    "dividend": 0.08,
    "dividendType": "I",
    "frankingPercent": 100,
    "cashFlow": 14.531,
    "earningsPerShare": 0.26055,
    "freeCashFlowYield": 0.38066814873465915,
    "priceEarningsRatio": 5.71867,
    "priceToCash": 2.62696,
    "foreignExempt": false,
    "shareDescription": "Ordinary Fully Paid",
    "numOfShares": 62267865,
    "yieldAnnual": 0,
    "incomeStatement": [
      {
        "revenue": 138393000,
        "netIncome": 18482000,
        "period": "2022A",
        "fPeriodEndDate": 44742,
        "curCode": "AUD"
      },
      {
        "revenue": 148624000,
        "netIncome": 21862000,
        "period": "2021A",
        "fPeriodEndDate": 44374,
        "curCode": "AUD"
      },
      {
        "revenue": 100812000,
        "netIncome": 9497000,
        "period": "2020A",
        "fPeriodEndDate": 44010,
        "curCode": "AUD"
      },
      {
        "revenue": 86079000,
        "netIncome": 2616000,
        "period": "2019A",
        "fPeriodEndDate": 43646,
        "curCode": "AUD"
      }
    ]
  },
  {
    "symbol": "APE",
    "displayName": "EAGERS AUTOMOTIVE LIMITED",
    "industry": "Consumer Discretionary Distribution & Retail",
    "dateListed": "1957-04-17",
    "marketCap": 3447874337,
    "xid": "46648",
    "priceChangeFiveDayPercent": 1.2898330804248856,
    "isRecentListing": false,
    "priceAsk": 13.5,
    "priceBid": 13,
    "priceChange": -0.15000000000000036,
    "priceChangePercent": -1.1111111111111138,
    "priceLast": 13.35,
    "sector": "Consumer Discretionary",
    "industryGroup": "Consumer Discretionary Distribution & Retail",
    "securityType": 1,
    "volume": 341211,
    "statusCode": "XD",
    "isin": "AU000000APE3",
    "priceClose": 13.5,
    "priceDayHigh": 13.39,
    "priceDayLow": 13.18,
    "priceFiftyTwoWeekHigh": 14.87,
    "priceFiftyTwoWeekLow": 8.65,
    "volumeAverage": 415391.380435,
    "dateExDate": "2023-03-15",
    "datePayDate": "2023-03-31",
    "dateRecordDate": "2023-03-16",
    "dividend": 0.49,
    "dividendType": "F",
    "frankingPercent": 100,
    "cashFlow": 32.923,
    "earningsPerShare": 1.21036,
    "freeCashFlowYield": 0.1290354215135597,
    "priceEarningsRatio": 11.05456,
    "priceToCash": 7.74981,
    "foreignExempt": false,
    "shareDescription": "Ordinary Fully Paid",
    "numOfShares": 255398099,
    "yieldAnnual": 5.318352059925093,
    "incomeStatement": [
      {
        "revenue": 8541502000,
        "netIncome": 308167000,
        "period": "2022A",
        "fPeriodEndDate": 44926,
        "curCode": "AUD"
      },
      {
        "revenue": 8663462000,
        "netIncome": 317824000,
        "period": "2021A",
        "fPeriodEndDate": 44561,
        "curCode": "AUD"
      },
      {
        "revenue": 8749675000,
        "netIncome": 147290000,
        "period": "2020A",
        "fPeriodEndDate": 44196,
        "curCode": "AUD"
      },
      {
        "revenue": 5816979000,
        "netIncome": -142380000,
        "period": "2019A",
        "fPeriodEndDate": 43830,
        "curCode": "AUD"
      }
    ]
  },
  {
    "symbol": "EZZ",
    "displayName": "EZZ LIFE SCIENCE HOLDINGS LIMITED",
    "industry": "Consumer Discretionary Distribution & Retail",
    "dateListed": "2021-03-03",
    "marketCap": 17082000,
    "xid": "636270707",
    "priceChangeFiveDayPercent": 2.500000000000002,
    "isRecentListing": false,
    "priceAsk": 0.41500000000000004,
    "priceBid": 0.38,
    "priceChange": 0.010000000000000009,
    "priceChangePercent": 2.500000000000002,
    "priceLast": 0.41000000000000003,
    "sector": "Health Care",
    "industryGroup": "Pharmaceuticals, Biotechnology & Life Sciences",
    "securityType": 1,
    "volume": 547,
    "statusCode": "",
    "isin": "AU0000130569",
    "priceClose": 0.4,
    "priceDayHigh": 0.42,
    "priceDayLow": 0.41000000000000003,
    "priceFiftyTwoWeekHigh": 0.44,
    "priceFiftyTwoWeekLow": 0.28,
    "volumeAverage": 27022.128571,
    "dateExDate": "2022-11-03",
    "datePayDate": "2022-12-16",
    "dateRecordDate": "2022-11-04",
    "dividend": 0.0045,
    "dividendType": "F",
    "frankingPercent": 100,
    "cashFlow": 0.74256,
    "earningsPerShare": 0.05857,
    "freeCashFlowYield": 0.14660048143598106,
    "priceEarningsRatio": 7.17091,
    "priceToCash": 6.82126,
    "foreignExempt": false,
    "shareDescription": "Ordinary Fully Paid",
    "numOfShares": 42705000,
    "yieldAnnual": 0,
    "incomeStatement": [
      {
        "revenue": 15022030,
        "netIncome": 1312420,
        "period": "2022A",
        "fPeriodEndDate": 44742,
        "curCode": "AUD"
      },
      {
        "revenue": 22287080,
        "netIncome": 2030610,
        "period": "2021A",
        "fPeriodEndDate": 44377,
        "curCode": "AUD"
      },
      {
        "revenue": 17315190,
        "netIncome": 1586130,
        "period": "2020A",
        "fPeriodEndDate": 44012,
        "curCode": "AUD"
      },
      {
        "revenue": 11187450,
        "netIncome": 823810,
        "period": "2019A",
        "fPeriodEndDate": 43646,
        "curCode": "AUD"
      }
    ]
  },
  {
    "symbol": "HVN",
    "displayName": "HARVEY NORMAN HOLDINGS LIMITED",
    "industry": "Consumer Discretionary Distribution & Retail",
    "dateListed": "1987-09-03",
    "marketCap": 4684985019,
    "xid": "150534",
    "priceChangeFiveDayPercent": -1.0638297872340317,
    "isRecentListing": false,
    "priceAsk": 3.74,
    "priceBid": 3.72,
    "priceChange": -0.040000000000000036,
    "priceChangePercent": -1.0638297872340434,
    "priceLast": 3.72,
    "sector": "Consumer Discretionary",
    "industryGroup": "Consumer Discretionary Distribution & Retail",
    "securityType": 1,
    "volume": 4113985,
    "statusCode": "CD",
    "isin": "AU000000HVN7",
    "priceClose": 3.7600000000000002,
    "priceDayHigh": 3.7800000000000002,
    "priceDayLow": 3.71,
    "priceFiftyTwoWeekHigh": 5.74,
    "priceFiftyTwoWeekLow": 3.53,
    "volumeAverage": 3302095.206522,
    "dateExDate": "2023-03-31",
    "datePayDate": "2023-05-01",
    "dateRecordDate": "2023-04-03",
    "dividend": 0.13,
    "dividendType": "I",
    "frankingPercent": 100,
    "cashFlow": -214.232,
    "earningsPerShare": 0.59808,
    "freeCashFlowYield": 0.1965536286748158,
    "priceEarningsRatio": 6.2199,
    "priceToCash": 5.08767,
    "foreignExempt": false,
    "shareDescription": "Ordinary Fully Paid",
    "numOfShares": 1246006654,
    "yieldAnnual": 8.198924731182796,
    "incomeStatement": [
      {
        "revenue": 4263691000,
        "netIncome": 811527000,
        "period": "2022A",
        "fPeriodEndDate": 44742,
        "curCode": "AUD"
      },
      {
        "revenue": 4253020000,
        "netIncome": 841414000,
        "period": "2021A",
        "fPeriodEndDate": 44377,
        "curCode": "AUD"
      },
      {
        "revenue": 3484903000,
        "netIncome": 480541000,
        "period": "2020A",
        "fPeriodEndDate": 44012,
        "curCode": "AUD"
      },
      {
        "revenue": 3309257000,
        "netIncome": 402317000,
        "period": "2019A",
        "fPeriodEndDate": 43646,
        "curCode": "AUD"
      }
    ]
  },
  {
    "symbol": "INL",
    "displayName": "INNLANZ LIMITED",
    "industry": "Consumer Discretionary Distribution & Retail",
    "dateListed": "2019-02-22",
    "marketCap": 11590753,
    "xid": "508621571",
    "priceChangeFiveDayPercent": 0,
    "isRecentListing": false,
    "priceAsk": 0.042,
    "priceBid": 0.033,
    "priceChange": 0,
    "priceChangePercent": 0,
    "priceLast": 0.037,
    "sector": "Consumer Discretionary",
    "industryGroup": "Consumer Discretionary Distribution & Retail",
    "securityType": 1,
    "volume": 0,
    "statusCode": "",
    "isin": "AU0000199002",
    "priceClose": 0.037,
    "priceFiftyTwoWeekHigh": 0.06,
    "priceFiftyTwoWeekLow": 0.034,
    "volumeAverage": 10554.153846,
    "cashFlow": -0.13093,
    "earningsPerShare": -0.00103,
    "freeCashFlowYield": -0.0000100000010000001,
    "priceEarningsRatio": -99999.99,
    "priceToCash": -99999.99,
    "foreignExempt": false,
    "shareDescription": "Ordinary Fully Paid",
    "numOfShares": 313263608,
    "yieldAnnual": 0,
    "incomeStatement": [
      {
        "revenue": 1593670,
        "netIncome": -885740,
        "period": "2022A",
        "fPeriodEndDate": 44742,
        "curCode": "AUD"
      },
      {
        "revenue": 1157490,
        "netIncome": -6264290,
        "period": "2021A",
        "fPeriodEndDate": 44377,
        "curCode": "AUD"
      },
      {
        "revenue": 23298450,
        "netIncome": -5109040,
        "period": "2020A",
        "fPeriodEndDate": 44012,
        "curCode": "AUD"
      },
      {
        "revenue": 30661260,
        "netIncome": -11240,
        "period": "2019A",
        "fPeriodEndDate": 43646,
        "curCode": "AUD"
      }
    ]
  },
  {
    "symbol": "JAT",
    "displayName": "JATCORP LIMITED",
    "industry": "Consumer Discretionary Distribution & Retail",
    "dateListed": "2008-01-30",
    "marketCap": 32473374,
    "xid": "31923986",
    "priceChangeFiveDayPercent": 1.3344026738283132e-14,
    "isRecentListing": false,
    "priceAsk": 0.014,
    "priceBid": 0.013000000000000001,
    "priceChange": 0,
    "priceChangePercent": 0,
    "priceLast": 0.013000000000000001,
    "sector": "Consumer Discretionary",
    "industryGroup": "Consumer Discretionary Distribution & Retail",
    "securityType": 1,
    "volume": 52999,
    "statusCode": "",
    "isin": "AU000000JAT4",
    "priceClose": 0.013000000000000001,
    "priceDayHigh": 0.013000000000000001,
    "priceDayLow": 0.013000000000000001,
    "priceFiftyTwoWeekHigh": 0.024,
    "priceFiftyTwoWeekLow": 0.01,
    "volumeAverage": 3181729.703704,
    "cashFlow": -5.6994,
    "earningsPerShare": -0.00292,
    "freeCashFlowYield": -0.0000100000010000001,
    "priceEarningsRatio": -99999.99,
    "priceToCash": -99999.99,
    "foreignExempt": false,
    "shareDescription": "Ordinary Fully Paid",
    "numOfShares": 2497951839,
    "yieldAnnual": 0,
    "incomeStatement": [
      {
        "revenue": 38103440,
        "netIncome": -6971920,
        "period": "2022A",
        "fPeriodEndDate": 44742,
        "curCode": "AUD"
      },
      {
        "revenue": 21931920,
        "netIncome": -15331280,
        "period": "2021A",
        "fPeriodEndDate": 44377,
        "curCode": "AUD"
      },
      {
        "revenue": 59953620,
        "netIncome": -17596980,
        "period": "2020A",
        "fPeriodEndDate": 44012,
        "curCode": "AUD"
      },
      {
        "revenue": 70141710,
        "netIncome": -9796970,
        "period": "2019A",
        "fPeriodEndDate": 43646,
        "curCode": "AUD"
      }
    ]
  },
  {
    "symbol": "JBH",
    "displayName": "JB HI-FI LIMITED",
    "industry": "Consumer Discretionary Distribution & Retail",
    "dateListed": "2003-10-23",
    "marketCap": 4659814270,
    "xid": "172287",
    "priceChangeFiveDayPercent": -1.0419133317546714,
    "isRecentListing": false,
    "priceAsk": 41.93,
    "priceBid": 41.69,
    "priceChange": -0.8299999999999983,
    "priceChangePercent": -1.947442515251052,
    "priceLast": 41.79,
    "sector": "Consumer Discretionary",
    "industryGroup": "Consumer Discretionary Distribution & Retail",
    "securityType": 1,
    "volume": 485560,
    "statusCode": "",
    "isin": "AU000000JBH7",
    "priceClose": 42.62,
    "priceDayHigh": 42.65,
    "priceDayLow": 41.67,
    "priceFiftyTwoWeekHigh": 56.85,
    "priceFiftyTwoWeekLow": 36.69,
    "volumeAverage": 564884.445652,
    "dateExDate": "2023-02-23",
    "datePayDate": "2023-03-10",
    "dateRecordDate": "2023-02-24",
    "dividend": 1.97,
    "dividendType": "I",
    "frankingPercent": 100,
    "cashFlow": -3.1,
    "earningsPerShare": 5.28163,
    "freeCashFlowYield": 0.1745441343570929,
    "priceEarningsRatio": 7.99564,
    "priceToCash": 5.72921,
    "foreignExempt": false,
    "shareDescription": "Ordinary Fully Paid",
    "numOfShares": 109333981,
    "yieldAnnual": 8.375209380234505,
    "incomeStatement": [
      {
        "revenue": 9232000000,
        "netIncome": 544900000,
        "period": "2022A",
        "fPeriodEndDate": 44742,
        "curCode": "AUD"
      },
      {
        "revenue": 8916100000,
        "netIncome": 506100000,
        "period": "2021A",
        "fPeriodEndDate": 44377,
        "curCode": "AUD"
      },
      {
        "revenue": 7918900000,
        "netIncome": 302300000,
        "period": "2020A",
        "fPeriodEndDate": 44012,
        "curCode": "AUD"
      },
      {
        "revenue": 7095300000,
        "netIncome": 249800000,
        "period": "2019A",
        "fPeriodEndDate": 43646,
        "curCode": "AUD"
      }
    ]
  },
  {
    "symbol": "JYC",
    "displayName": "JOYCE CORPORATION LTD",
    "industry": "Consumer Discretionary Distribution & Retail",
    "dateListed": "1986-12-17",
    "marketCap": 90664438,
    "xid": "175403",
    "priceChangeFiveDayPercent": 0,
    "isRecentListing": false,
    "priceAsk": 3,
    "priceBid": 2.61,
    "priceChange": 0,
    "priceChangePercent": 0,
    "priceLast": 3.2,
    "sector": "Consumer Discretionary",
    "industryGroup": "Consumer Discretionary Distribution & Retail",
    "securityType": 1,
    "volume": 0,
    "statusCode": "XD",
    "isin": "AU000000JYC0",
    "priceClose": 3.2,
    "priceFiftyTwoWeekHigh": 4.04,
    "priceFiftyTwoWeekLow": 2.26,
    "volumeAverage": 12724.457627,
    "dateExDate": "2023-03-13",
    "datePayDate": "2023-03-31",
    "dateRecordDate": "2023-03-14",
    "dividend": 0.08,
    "dividendType": "I",
    "frankingPercent": 100,
    "cashFlow": 14.89,
    "earningsPerShare": 0.31447,
    "freeCashFlowYield": 0.27505851869985337,
    "priceEarningsRatio": 10.17585,
    "priceToCash": 3.63559,
    "foreignExempt": false,
    "shareDescription": "Ordinary Fully Paid",
    "numOfShares": 28332637,
    "yieldAnnual": 5.78125,
    "incomeStatement": [
      {
        "revenue": 131130000,
        "netIncome": 9086000,
        "period": "2022A",
        "fPeriodEndDate": 44742,
        "curCode": "AUD"
      },
      {
        "revenue": 115609000,
        "netIncome": 7574000,
        "period": "2021A",
        "fPeriodEndDate": 44377,
        "curCode": "AUD"
      },
      {
        "revenue": 89695000,
        "netIncome": -3426000,
        "period": "2020A",
        "fPeriodEndDate": 44012,
        "curCode": "AUD"
      },
      {
        "revenue": 85750000,
        "netIncome": 3407000,
        "period": "2019A",
        "fPeriodEndDate": 43646,
        "curCode": "AUD"
      }
    ]
  },
  {
    "symbol": "KDY",
    "displayName": "KADDY LIMITED",
    "industry": "Consumer Discretionary Distribution & Retail",
    "dateListed": "2001-04-04",
    "marketCap": -1,
    "xid": "288813",
    "priceChangeFiveDayPercent": 0,
    "isRecentListing": false,
    "priceChange": 0,
    "priceChangePercent": 0,
    "priceLast": 0.027,
    "sector": "Consumer Discretionary",
    "industryGroup": "Consumer Discretionary Distribution & Retail",
    "securityType": 1,
    "volume": 0,
    "statusCode": "RE",
    "isin": "AU0000259897",
    "priceClose": 0.027,
    "priceFiftyTwoWeekHigh": 1,
    "priceFiftyTwoWeekLow": 0.022,
    "volumeAverage": 820274.721194,
    "cashFlow": -24.32533,
    "earningsPerShare": -0.00891,
    "freeCashFlowYield": -0.0000100000010000001,
    "priceEarningsRatio": -99999.99,
    "priceToCash": -99999.99,
    "foreignExempt": false,
    "shareDescription": "Ordinary Fully Paid",
    "numOfShares": 142026381,
    "yieldAnnual": 0,
    "incomeStatement": []
  },
  {
    "symbol": "KMD",
    "displayName": "KMD BRANDS LIMITED",
    "industry": "Consumer Discretionary Distribution & Retail",
    "dateListed": "2009-11-13",
    "marketCap": 675780336,
    "xid": "21388093",
    "priceChangeFiveDayPercent": 0.5263157894736964,
    "isRecentListing": false,
    "priceAsk": 0.97,
    "priceBid": 0.9400000000000001,
    "priceChange": 0.0050000000000000044,
    "priceChangePercent": 0.5263157894736846,
    "priceLast": 0.9550000000000001,
    "sector": "Consumer Discretionary",
    "industryGroup": "Consumer Discretionary Distribution & Retail",
    "securityType": 1,
    "volume": 148291,
    "statusCode": "CD",
    "isin": "NZKMDE0001S3",
    "priceClose": 0.9500000000000001,
    "priceDayHigh": 0.9550000000000001,
    "priceDayLow": 0.9400000000000001,
    "priceFiftyTwoWeekHigh": 1.29,
    "priceFiftyTwoWeekLow": 0.85,
    "volumeAverage": 199734.347826,
    "dateExDate": "2023-06-14",
    "datePayDate": "2023-06-30",
    "dateRecordDate": "2023-06-15",
    "dividend": 0.0237,
    "dividendType": "I",
    "frankingPercent": 100,
    "cashFlow": 5.98,
    "earningsPerShare": 0.04936,
    "freeCashFlowYield": 0.2120656894679696,
    "priceEarningsRatio": 20.05673,
    "priceToCash": 4.71552,
    "foreignExempt": true,
    "shareDescription": "Ordinary Fully Paid Foreign Exempt Nzx",
    "numOfShares": 711347722,
    "yieldAnnual": 4.9214659685863875,
    "incomeStatement": [
      {
        "revenue": 979802000,
        "netIncome": 35952000,
        "period": "2022A",
        "fPeriodEndDate": 44773,
        "curCode": "NZD"
      },
      {
        "revenue": 922792000,
        "netIncome": 60982000,
        "period": "2021A",
        "fPeriodEndDate": 44408,
        "curCode": "NZD"
      },
      {
        "revenue": 801524000,
        "netIncome": 8134000,
        "period": "2020A",
        "fPeriodEndDate": 44043,
        "curCode": "NZD"
      },
      {
        "revenue": 545618000,
        "netIncome": 57633000,
        "period": "2019A",
        "fPeriodEndDate": 43677,
        "curCode": "NZD"
      }
    ]
  },
  {
    "symbol": "KGN",
    "displayName": "KOGAN.COM LTD",
    "industry": "Consumer Discretionary Distribution & Retail",
    "dateListed": "2016-07-07",
    "marketCap": 433659999,
    "xid": "354542737",
    "priceChangeFiveDayPercent": -3.4482758620689578,
    "isRecentListing": false,
    "priceAsk": 3.99,
    "priceBid": 3.92,
    "priceChange": -0.1299999999999999,
    "priceChangePercent": -3.209876543209874,
    "priceLast": 3.92,
    "sector": "Consumer Discretionary",
    "industryGroup": "Consumer Discretionary Distribution & Retail",
    "securityType": 1,
    "volume": 245215,
    "statusCode": "",
    "isin": "AU000000KGN2",
    "priceClose": 4.05,
    "priceDayHigh": 4,
    "priceDayLow": 3.91,
    "priceFiftyTwoWeekHigh": 5.96,
    "priceFiftyTwoWeekLow": 2.66,
    "volumeAverage": 450467.5,
    "dateExDate": "2021-03-08",
    "datePayDate": "2021-05-31",
    "dateRecordDate": "2021-03-09",
    "dividend": 0.16,
    "dividendType": "I",
    "frankingPercent": 100,
    "cashFlow": 56.554,
    "earningsPerShare": -0.44325,
    "freeCashFlowYield": -0.0000100000010000001,
    "priceEarningsRatio": -99999.99,
    "priceToCash": -99999.99,
    "foreignExempt": false,
    "shareDescription": "Ordinary Fully Paid",
    "numOfShares": 107076543,
    "yieldAnnual": 0,
    "incomeStatement": [
      {
        "revenue": 718504000,
        "netIncome": -35457000,
        "period": "2022A",
        "fPeriodEndDate": 44742,
        "curCode": "AUD"
      },
      {
        "revenue": 780742000,
        "netIncome": 3537000,
        "period": "2021A",
        "fPeriodEndDate": 44377,
        "curCode": "AUD"
      },
      {
        "revenue": 497904000,
        "netIncome": 26820000,
        "period": "2020A",
        "fPeriodEndDate": 44012,
        "curCode": "AUD"
      },
      {
        "revenue": 438699590,
        "netIncome": 17201230,
        "period": "2019A",
        "fPeriodEndDate": 43646,
        "curCode": "AUD"
      }
    ]
  },
  {
    "symbol": "LOV",
    "displayName": "LOVISA HOLDINGS LIMITED",
    "industry": "Consumer Discretionary Distribution & Retail",
    "dateListed": "2014-12-18",
    "marketCap": 2527578869,
    "xid": "82257125",
    "priceChangeFiveDayPercent": 2.5652366209641833,
    "isRecentListing": false,
    "priceAsk": 23.5,
    "priceBid": 23.01,
    "priceChange": -0.25,
    "priceChangePercent": -1.0665529010238908,
    "priceLast": 23.19,
    "sector": "Consumer Discretionary",
    "industryGroup": "Consumer Discretionary Distribution & Retail",
    "securityType": 1,
    "volume": 300994,
    "statusCode": "XD",
    "isin": "AU000000LOV7",
    "priceClose": 23.44,
    "priceDayHigh": 23.47,
    "priceDayLow": 23.14,
    "priceFiftyTwoWeekHigh": 27.11,
    "priceFiftyTwoWeekLow": 12.35,
    "volumeAverage": 286453.456522,
    "dateExDate": "2023-03-07",
    "datePayDate": "2023-04-20",
    "dateRecordDate": "2023-03-08",
    "dividend": 0.38,
    "dividendType": "I",
    "frankingPercent": 100,
    "cashFlow": 18.811,
    "earningsPerShare": 0.63994,
    "freeCashFlowYield": 0.05471276618444659,
    "priceEarningsRatio": 35.56583,
    "priceToCash": 18.27727,
    "foreignExempt": false,
    "shareDescription": "Ordinary Fully Paid",
    "numOfShares": 107831863,
    "yieldAnnual": 3.234152652005174,
    "incomeStatement": [
      {
        "revenue": 458712000,
        "netIncome": 58387000,
        "period": "2022A",
        "fPeriodEndDate": 44745,
        "curCode": "AUD"
      },
      {
        "revenue": 288034000,
        "netIncome": 24829000,
        "period": "2021A",
        "fPeriodEndDate": 44374,
        "curCode": "AUD"
      },
      {
        "revenue": 242176000,
        "netIncome": 11221000,
        "period": "2020A",
        "fPeriodEndDate": 44010,
        "curCode": "AUD"
      },
      {
        "revenue": 250282000,
        "netIncome": 37043000,
        "period": "2019A",
        "fPeriodEndDate": 43646,
        "curCode": "AUD"
      }
    ]
  },
  {
    "symbol": "MHJ",
    "displayName": "MICHAEL HILL INTERNATIONAL LIMITED",
    "industry": "Consumer Discretionary Distribution & Retail",
    "dateListed": "2016-07-07",
    "marketCap": 375891995,
    "xid": "354548617",
    "priceChangeFiveDayPercent": -2.03045685279188,
    "isRecentListing": false,
    "priceAsk": 1.035,
    "priceBid": 0.965,
    "priceChange": -0.025000000000000022,
    "priceChangePercent": -2.5252525252525273,
    "priceLast": 0.965,
    "sector": "Consumer Discretionary",
    "industryGroup": "Consumer Discretionary Distribution & Retail",
    "securityType": 1,
    "volume": 26098,
    "statusCode": "XD",
    "isin": "AU000000MHJ4",
    "priceClose": 0.99,
    "priceDayHigh": 0.99,
    "priceDayLow": 0.965,
    "priceFiftyTwoWeekHigh": 1.27,
    "priceFiftyTwoWeekLow": 0.875,
    "volumeAverage": 108161.880435,
    "dateExDate": "2023-03-09",
    "datePayDate": "2023-03-24",
    "dateRecordDate": "2023-03-10",
    "dividend": 0.04,
    "dividendType": "I",
    "frankingPercent": 0,
    "cashFlow": 31.374,
    "earningsPerShare": 0.12027,
    "freeCashFlowYield": 0.2652196283742568,
    "priceEarningsRatio": 8.39777,
    "priceToCash": 3.77046,
    "foreignExempt": false,
    "shareDescription": "Ordinary Fully Paid",
    "numOfShares": 379688884,
    "yieldAnnual": 8.290155440414507,
    "incomeStatement": [
      {
        "revenue": 595210000,
        "netIncome": 46712000,
        "period": "2022A",
        "fPeriodEndDate": 44742,
        "curCode": "AUD"
      },
      {
        "revenue": 556486000,
        "netIncome": 41015000,
        "period": "2021A",
        "fPeriodEndDate": 44377,
        "curCode": "AUD"
      },
      {
        "revenue": 492060000,
        "netIncome": 3059000,
        "period": "2020A",
        "fPeriodEndDate": 44012,
        "curCode": "AUD"
      },
      {
        "revenue": 569660000,
        "netIncome": 16498000,
        "period": "2019A",
        "fPeriodEndDate": 43646,
        "curCode": "AUD"
      }
    ]
  },
  {
    "symbol": "MOZ",
    "displayName": "MOSAIC BRANDS LIMITED",
    "industry": "Consumer Discretionary Distribution & Retail",
    "dateListed": "2000-05-11",
    "marketCap": 45149643,
    "xid": "209701",
    "priceChangeFiveDayPercent": 4.081632653061228,
    "isRecentListing": false,
    "priceAsk": 0.255,
    "priceBid": 0.23500000000000001,
    "priceChange": 0,
    "priceChangePercent": 0,
    "priceLast": 0.255,
    "sector": "Consumer Discretionary",
    "industryGroup": "Consumer Discretionary Distribution & Retail",
    "securityType": 1,
    "volume": 74378,
    "statusCode": "",
    "isin": "AU0000066789",
    "priceClose": 0.255,
    "priceDayHigh": 0.255,
    "priceDayLow": 0.24,
    "priceFiftyTwoWeekHigh": 0.67,
    "priceFiftyTwoWeekLow": 0.17,
    "volumeAverage": 136746.352941,
    "dateExDate": "2019-10-09",
    "datePayDate": "2019-10-24",
    "dateRecordDate": "2019-10-10",
    "dividend": 0.055,
    "dividendType": "F",
    "frankingPercent": 100,
    "cashFlow": 52.475,
    "earningsPerShare": -0.22095,
    "freeCashFlowYield": 1.1338768382978242,
    "priceEarningsRatio": -99999.99,
    "priceToCash": 0.88193,
    "foreignExempt": false,
    "shareDescription": "Ordinary Fully Paid",
    "numOfShares": 177057424,
    "yieldAnnual": 0,
    "incomeStatement": [
      {
        "revenue": 619651000,
        "netIncome": -11456000,
        "period": "2022A",
        "fPeriodEndDate": 44745,
        "curCode": "AUD"
      },
      {
        "revenue": 708766000,
        "netIncome": 2715000,
        "period": "2021A",
        "fPeriodEndDate": 44374,
        "curCode": "AUD"
      },
      {
        "revenue": 736777000,
        "netIncome": -170485000,
        "period": "2020A",
        "fPeriodEndDate": 44012,
        "curCode": "AUD"
      },
      {
        "revenue": 881920000,
        "netIncome": 8130000,
        "period": "2019A",
        "fPeriodEndDate": 43646,
        "curCode": "AUD"
      }
    ]
  },
  {
    "symbol": "MTO",
    "displayName": "MOTORCYCLE HOLDINGS LIMITED",
    "industry": "Consumer Discretionary Distribution & Retail",
    "dateListed": "2016-04-29",
    "marketCap": 116410069,
    "xid": "343529799",
    "priceChangeFiveDayPercent": -3.7735849056603805,
    "isRecentListing": false,
    "priceAsk": 1.6,
    "priceBid": 1.5250000000000001,
    "priceChange": -0.050000000000000044,
    "priceChangePercent": -3.164556962025319,
    "priceLast": 1.53,
    "sector": "Consumer Discretionary",
    "industryGroup": "Consumer Discretionary Distribution & Retail",
    "securityType": 1,
    "volume": 62146,
    "upcomingEventName": "2023 Annual General Meeting",
    "statusCode": "XD",
    "isin": "AU000000MTO9",
    "priceClose": 1.58,
    "priceDayHigh": 1.585,
    "priceDayLow": 1.53,
    "priceFiftyTwoWeekHigh": 3.02,
    "priceFiftyTwoWeekLow": 1.53,
    "volumeAverage": 57034.869565,
    "dateExDate": "2023-03-16",
    "datePayDate": "2023-04-06",
    "dateRecordDate": "2023-03-17",
    "dividend": 0.08,
    "dividendType": "I",
    "frankingPercent": 100,
    "cashFlow": -0.226,
    "earningsPerShare": 0.32767,
    "freeCashFlowYield": 0.3062505742198267,
    "priceEarningsRatio": 4.79141,
    "priceToCash": 3.2653,
    "foreignExempt": false,
    "shareDescription": "Ordinary Fully Paid",
    "numOfShares": 73677259,
    "yieldAnnual": 10.457516339869281,
    "incomeStatement": [
      {
        "revenue": 459131000,
        "netIncome": 23115000,
        "period": "2022A",
        "fPeriodEndDate": 44742,
        "curCode": "AUD"
      },
      {
        "revenue": 432853000,
        "netIncome": 28299000,
        "period": "2021A",
        "fPeriodEndDate": 44377,
        "curCode": "AUD"
      },
      {
        "revenue": 361892000,
        "netIncome": -9120000,
        "period": "2020A",
        "fPeriodEndDate": 44012,
        "curCode": "AUD"
      },
      {
        "revenue": 327634000,
        "netIncome": 8345000,
        "period": "2019A",
        "fPeriodEndDate": 43646,
        "curCode": "AUD"
      }
    ]
  },
  {
    "symbol": "MYR",
    "displayName": "MYER HOLDINGS LIMITED",
    "industry": "Consumer Discretionary Distribution & Retail",
    "dateListed": "2009-11-02",
    "marketCap": 755576510,
    "xid": "21164388",
    "priceChangeFiveDayPercent": -9.693877551020405,
    "isRecentListing": false,
    "priceAsk": 0.89,
    "priceBid": 0.88,
    "priceChange": -0.03500000000000003,
    "priceChangePercent": -3.8043478260869596,
    "priceLast": 0.885,
    "sector": "Consumer Discretionary",
    "industryGroup": "Consumer Discretionary Distribution & Retail",
    "securityType": 1,
    "volume": 3407991,
    "statusCode": "XD",
    "isin": "AU000000MYR2",
    "priceClose": 0.92,
    "priceDayHigh": 0.9,
    "priceDayLow": 0.86,
    "priceFiftyTwoWeekHigh": 1.135,
    "priceFiftyTwoWeekLow": 0.295,
    "volumeAverage": 2472829.130435,
    "dateExDate": "2023-03-22",
    "datePayDate": "2023-05-11",
    "dateRecordDate": "2023-03-23",
    "dividend": 0.08,
    "dividendType": "I",
    "frankingPercent": 100,
    "cashFlow": 180.7,
    "earningsPerShare": 0.09678,
    "freeCashFlowYield": -0.0000100000010000001,
    "priceEarningsRatio": 10.38438,
    "priceToCash": -99999.99,
    "foreignExempt": false,
    "shareDescription": "Ordinary Fully Paid",
    "numOfShares": 821278815,
    "yieldAnnual": 11.864406779661017,
    "incomeStatement": [
      {
        "revenue": 2502300000,
        "netIncome": 49000000,
        "period": "2022A",
        "fPeriodEndDate": 44772,
        "curCode": "AUD"
      },
      {
        "revenue": 2250400000,
        "netIncome": 46400000,
        "period": "2021A",
        "fPeriodEndDate": 44408,
        "curCode": "AUD"
      },
      {
        "revenue": 2159800000,
        "netIncome": -172400000,
        "period": "2020A",
        "fPeriodEndDate": 44037,
        "curCode": "AUD"
      },
      {
        "revenue": 2498633000,
        "netIncome": 24474000,
        "period": "2019A",
        "fPeriodEndDate": 43673,
        "curCode": "AUD"
      }
    ]
  },
  {
    "symbol": "NTD",
    "displayName": "NATIONAL TYRE & WHEEL LIMITED",
    "industry": "Consumer Discretionary Distribution & Retail",
    "dateListed": "2017-12-15",
    "marketCap": 70623595,
    "xid": "442155986",
    "priceChangeFiveDayPercent": -1.8518518518518534,
    "isRecentListing": false,
    "priceAsk": 0.56,
    "priceBid": 0.53,
    "priceChange": 0,
    "priceChangePercent": 0,
    "priceLast": 0.53,
    "sector": "Consumer Discretionary",
    "industryGroup": "Consumer Discretionary Distribution & Retail",
    "securityType": 1,
    "volume": 585,
    "statusCode": "",
    "isin": "AU000000NTD0",
    "priceClose": 0.53,
    "priceDayHigh": 0.535,
    "priceDayLow": 0.53,
    "priceFiftyTwoWeekHigh": 1.335,
    "priceFiftyTwoWeekLow": 0.53,
    "volumeAverage": 71943.318681,
    "dateExDate": "2022-09-09",
    "datePayDate": "2022-10-07",
    "dateRecordDate": "2022-09-12",
    "dividend": 0.015,
    "dividendType": "F",
    "frankingPercent": 100,
    "cashFlow": 6.765,
    "earningsPerShare": 0.01698,
    "freeCashFlowYield": 0.38172309806466387,
    "priceEarningsRatio": 31.50766,
    "priceToCash": 2.6197,
    "foreignExempt": false,
    "shareDescription": "Ordinary Fully Paid",
    "numOfShares": 133252066,
    "yieldAnnual": 9.056603773584905,
    "incomeStatement": [
      {
        "revenue": 558714000,
        "netIncome": 9398000,
        "period": "2022A",
        "fPeriodEndDate": 44742,
        "curCode": "AUD"
      },
      {
        "revenue": 462890000,
        "netIncome": 20255000,
        "period": "2021A",
        "fPeriodEndDate": 44377,
        "curCode": "AUD"
      },
      {
        "revenue": 160170000,
        "netIncome": 4551000,
        "period": "2020A",
        "fPeriodEndDate": 44012,
        "curCode": "AUD"
      },
      {
        "revenue": 168585000,
        "netIncome": 6390000,
        "period": "2019A",
        "fPeriodEndDate": 43646,
        "curCode": "AUD"
      }
    ]
  },
  {
    "symbol": "NCK",
    "displayName": "NICK SCALI LIMITED",
    "industry": "Consumer Discretionary Distribution & Retail",
    "dateListed": "2004-05-26",
    "marketCap": 734670000,
    "xid": "210076",
    "priceChangeFiveDayPercent": -1.7777777777777795,
    "isRecentListing": false,
    "priceAsk": 9.18,
    "priceBid": 8.84,
    "priceChange": -0.23000000000000043,
    "priceChangePercent": -2.5358324145534774,
    "priceLast": 8.84,
    "sector": "Consumer Discretionary",
    "industryGroup": "Consumer Discretionary Distribution & Retail",
    "securityType": 1,
    "volume": 197256,
    "statusCode": "XD",
    "isin": "AU000000NCK1",
    "priceClose": 9.07,
    "priceDayHigh": 9.08,
    "priceDayLow": 8.82,
    "priceFiftyTwoWeekHigh": 12.54,
    "priceFiftyTwoWeekLow": 7.06,
    "volumeAverage": 319101.891304,
    "dateExDate": "2023-03-06",
    "datePayDate": "2023-03-28",
    "dateRecordDate": "2023-03-07",
    "dividend": 0.4,
    "dividendType": "I",
    "frankingPercent": 100,
    "cashFlow": 62.309,
    "earningsPerShare": 1.25854,
    "freeCashFlowYield": 0.19993721971301012,
    "priceEarningsRatio": 7.19087,
    "priceToCash": 5.00157,
    "foreignExempt": false,
    "shareDescription": "Ordinary Fully Paid",
    "numOfShares": 81000000,
    "yieldAnnual": 8.484162895927602,
    "incomeStatement": [
      {
        "revenue": 440957000,
        "netIncome": 74922000,
        "period": "2022A",
        "fPeriodEndDate": 44742,
        "curCode": "AUD"
      },
      {
        "revenue": 373040000,
        "netIncome": 84241000,
        "period": "2021A",
        "fPeriodEndDate": 44377,
        "curCode": "AUD"
      },
      {
        "revenue": 262480000,
        "netIncome": 42076000,
        "period": "2020A",
        "fPeriodEndDate": 44012,
        "curCode": "AUD"
      },
      {
        "revenue": 268025000,
        "netIncome": 42116000,
        "period": "2019A",
        "fPeriodEndDate": 43646,
        "curCode": "AUD"
      }
    ]
  },
  {
    "symbol": "PWR",
    "displayName": "PETER WARREN AUTOMOTIVE HOLDINGS LIMITED",
    "industry": "Consumer Discretionary Distribution & Retail",
    "dateListed": "2021-04-27",
    "marketCap": 455589553,
    "xid": "653032762",
    "priceChangeFiveDayPercent": -2.5735294117647163,
    "isRecentListing": false,
    "priceAsk": 2.68,
    "priceBid": 2.62,
    "priceChange": 0,
    "priceChangePercent": 0,
    "priceLast": 2.65,
    "sector": "Consumer Discretionary",
    "industryGroup": "Consumer Discretionary Distribution & Retail",
    "securityType": 1,
    "volume": 50949,
    "statusCode": "XD",
    "isin": "AU0000143711",
    "priceClose": 2.65,
    "priceDayHigh": 2.66,
    "priceDayLow": 2.63,
    "priceFiftyTwoWeekHigh": 3.3,
    "priceFiftyTwoWeekLow": 1.95,
    "volumeAverage": 76902.141304,
    "dateExDate": "2023-02-27",
    "datePayDate": "2023-03-31",
    "dateRecordDate": "2023-02-28",
    "dividend": 0.11,
    "dividendType": "I",
    "frankingPercent": 100,
    "cashFlow": 25.662,
    "earningsPerShare": 0.36612,
    "freeCashFlowYield": 0.20270777039696264,
    "priceEarningsRatio": 7.32,
    "priceToCash": 4.93321,
    "foreignExempt": false,
    "shareDescription": "Ordinary Fully Paid",
    "numOfShares": 171920586,
    "yieldAnnual": 0,
    "incomeStatement": [
      {
        "revenue": 1711293000,
        "netIncome": 56513000,
        "period": "2022A",
        "fPeriodEndDate": 44742,
        "curCode": "AUD"
      },
      {
        "revenue": 1634983000,
        "netIncome": 37546000,
        "period": "2021A",
        "fPeriodEndDate": 44377,
        "curCode": "AUD"
      },
      {
        "revenue": 1391346000,
        "netIncome": 8908000,
        "period": "2020A",
        "fPeriodEndDate": 44012,
        "curCode": "AUD"
      },
      {
        "revenue": 1405471000,
        "netIncome": -438000,
        "period": "2019A",
        "fPeriodEndDate": 43646,
        "curCode": "AUD"
      }
    ]
  },
  {
    "symbol": "PMV",
    "displayName": "PREMIER INVESTMENTS LIMITED",
    "industry": "Consumer Discretionary Distribution & Retail",
    "dateListed": "1987-12-15",
    "marketCap": 4107995686,
    "xid": "231303",
    "priceChangeFiveDayPercent": -4.112221368178326,
    "isRecentListing": false,
    "priceAsk": 25.28,
    "priceBid": 24.5,
    "priceChange": -0.8500000000000014,
    "priceChangePercent": -3.294573643410858,
    "priceLast": 24.95,
    "sector": "Consumer Discretionary",
    "industryGroup": "Consumer Discretionary Distribution & Retail",
    "securityType": 1,
    "volume": 350444,
    "statusCode": "",
    "isin": "AU000000PMV2",
    "priceClose": 25.8,
    "priceDayHigh": 25.62,
    "priceDayLow": 24.53,
    "priceFiftyTwoWeekHigh": 29.16,
    "priceFiftyTwoWeekLow": 19.06,
    "volumeAverage": 213047.641304,
    "dateExDate": "2023-01-10",
    "datePayDate": "2023-01-25",
    "dateRecordDate": "2023-01-11",
    "dividend": 0.79,
    "dividendType": "F",
    "frankingPercent": 100,
    "cashFlow": 200.329,
    "earningsPerShare": 1.78201,
    "freeCashFlowYield": 0.10991366281785658,
    "priceEarningsRatio": 14.47242,
    "priceToCash": 9.09805,
    "foreignExempt": false,
    "shareDescription": "Ordinary Fully Paid",
    "numOfShares": 159224639,
    "yieldAnnual": 5.01002004008016,
    "incomeStatement": [
      {
        "revenue": 1501487000,
        "netIncome": 285174000,
        "period": "2022A",
        "fPeriodEndDate": 44772,
        "curCode": "AUD"
      },
      {
        "revenue": 1444596000,
        "netIncome": 271840000,
        "period": "2021A",
        "fPeriodEndDate": 44408,
        "curCode": "AUD"
      },
      {
        "revenue": 1218780000,
        "netIncome": 137753000,
        "period": "2020A",
        "fPeriodEndDate": 44037,
        "curCode": "AUD"
      },
      {
        "revenue": 1275066000,
        "netIncome": 106807000,
        "period": "2019A",
        "fPeriodEndDate": 43673,
        "curCode": "AUD"
      }
    ]
  },
  {
    "symbol": "RBL",
    "displayName": "REDBUBBLE LIMITED",
    "industry": "Consumer Discretionary Distribution & Retail",
    "dateListed": "2016-05-16",
    "marketCap": 115253893,
    "xid": "343972702",
    "priceChangeFiveDayPercent": -11.458333333333332,
    "isRecentListing": false,
    "priceAsk": 0.43,
    "priceBid": 0.405,
    "priceChange": 0.009999999999999953,
    "priceChangePercent": 2.409638554216856,
    "priceLast": 0.425,
    "sector": "Consumer Discretionary",
    "industryGroup": "Consumer Discretionary Distribution & Retail",
    "securityType": 1,
    "volume": 686561,
    "statusCode": "",
    "isin": "AU000000RBL2",
    "priceClose": 0.41500000000000004,
    "priceDayHigh": 0.43,
    "priceDayLow": 0.405,
    "priceFiftyTwoWeekHigh": 1.78,
    "priceFiftyTwoWeekLow": 0.405,
    "volumeAverage": 690734.228261,
    "cashFlow": -44.187,
    "earningsPerShare": -0.19367,
    "freeCashFlowYield": -0.0000100000010000001,
    "priceEarningsRatio": -99999.99,
    "priceToCash": -99999.99,
    "foreignExempt": false,
    "shareDescription": "Ordinary Fully Paid",
    "numOfShares": 277720223,
    "yieldAnnual": 0,
    "incomeStatement": [
      {
        "revenue": 573393000,
        "netIncome": -24588000,
        "period": "2022A",
        "fPeriodEndDate": 44742,
        "curCode": "AUD"
      },
      {
        "revenue": 657323000,
        "netIncome": 31247000,
        "period": "2021A",
        "fPeriodEndDate": 44377,
        "curCode": "AUD"
      },
      {
        "revenue": 416257000,
        "netIncome": -8771000,
        "period": "2020A",
        "fPeriodEndDate": 44012,
        "curCode": "AUD"
      },
      {
        "revenue": 306954000,
        "netIncome": -27569000,
        "period": "2019A",
        "fPeriodEndDate": 43646,
        "curCode": "AUD"
      }
    ]
  },
  {
    "symbol": "SSG",
    "displayName": "SHAVER SHOP GROUP LIMITED",
    "industry": "Consumer Discretionary Distribution & Retail",
    "dateListed": "2016-07-01",
    "marketCap": 137563119,
    "xid": "353800105",
    "priceChangeFiveDayPercent": -3.738317757009349,
    "isRecentListing": false,
    "priceAsk": 1.06,
    "priceBid": 1.035,
    "priceChange": -0.020000000000000018,
    "priceChangePercent": -1.9047619047619064,
    "priceLast": 1.03,
    "securityType": 1,
    "volume": 115642,
    "statusCode": "",
    "isin": "AU000000SSG4",
    "priceClose": 1.05,
    "priceDayHigh": 1.045,
    "priceDayLow": 1.01,
    "priceFiftyTwoWeekHigh": 1.26,
    "priceFiftyTwoWeekLow": 0.94,
    "volumeAverage": 155186.195652,
    "dateExDate": "2023-03-01",
    "datePayDate": "2023-03-16",
    "dateRecordDate": "2023-03-02",
    "dividend": 0.047,
    "dividendType": "I",
    "frankingPercent": 100,
    "cashFlow": 9.37533,
    "earningsPerShare": 0.1318,
    "freeCashFlowYield": 0.23460960960960964,
    "priceEarningsRatio": 7.89074,
    "priceToCash": 4.2624,
    "foreignExempt": false,
    "shareDescription": "Ordinary Fully Paid",
    "numOfShares": 131012494,
    "yieldAnnual": 9.902912621359224,
    "incomeStatement": [
      {
        "revenue": 222745100,
        "netIncome": 16692480,
        "period": "2022A",
        "fPeriodEndDate": 44742,
        "curCode": "AUD"
      },
      {
        "revenue": 214558210,
        "netIncome": 17472500,
        "period": "2021A",
        "fPeriodEndDate": 44377,
        "curCode": "AUD"
      },
      {
        "revenue": 195962580,
        "netIncome": 10382440,
        "period": "2020A",
        "fPeriodEndDate": 44012,
        "curCode": "AUD"
      },
      {
        "revenue": 169045500,
        "netIncome": 6669600,
        "period": "2019A",
        "fPeriodEndDate": 43646,
        "curCode": "AUD"
      }
    ]
  },
  {
    "symbol": "STP",
    "displayName": "STEP ONE CLOTHING LIMITED",
    "industry": "Consumer Discretionary Distribution & Retail",
    "dateListed": "2021-11-01",
    "marketCap": 50041879,
    "xid": "685523118",
    "priceChangeFiveDayPercent": -4.999999999999986,
    "isRecentListing": false,
    "priceAsk": 0.275,
    "priceBid": 0.27,
    "priceChange": 0.015000000000000013,
    "priceChangePercent": 5.55555555555556,
    "priceLast": 0.28500000000000003,
    "sector": "Consumer Discretionary",
    "industryGroup": "Consumer Discretionary Distribution & Retail",
    "securityType": 1,
    "volume": 7875,
    "statusCode": "",
    "isin": "AU0000181174",
    "priceClose": 0.27,
    "priceDayHigh": 0.28500000000000003,
    "priceDayLow": 0.28500000000000003,
    "priceFiftyTwoWeekHigh": 0.95,
    "priceFiftyTwoWeekLow": 0.205,
    "volumeAverage": 65982.7,
    "cashFlow": -99999.99,
    "earningsPerShare": -99999.99,
    "freeCashFlowYield": -0.0000100000010000001,
    "priceEarningsRatio": -99999.99,
    "priceToCash": -99999.99,
    "foreignExempt": false,
    "shareDescription": "Ordinary Fully Paid",
    "numOfShares": 185340291,
    "yieldAnnual": 0,
    "incomeStatement": [
      {
        "revenue": 72718000,
        "netIncome": -3003000,
        "period": "2022A",
        "fPeriodEndDate": 44742,
        "curCode": "AUD"
      },
      {
        "revenue": 61853000,
        "netIncome": -118000,
        "period": "2021A",
        "fPeriodEndDate": 44377,
        "curCode": "AUD"
      },
      {
        "revenue": 22261900,
        "netIncome": 3741130,
        "period": "2020A",
        "fPeriodEndDate": 44012,
        "curCode": "AUD"
      },
      {
        "revenue": 7721530,
        "netIncome": 1574610,
        "period": "2019A",
        "fPeriodEndDate": 43646,
        "curCode": "AUD"
      }
    ]
  },
  {
    "symbol": "SRY",
    "displayName": "STORY-I LIMITED",
    "industry": "Consumer Discretionary Distribution & Retail",
    "dateListed": "2015-01-20",
    "marketCap": -1,
    "xid": "82305786",
    "priceChangeFiveDayPercent": 0,
    "isRecentListing": false,
    "priceAsk": 0.008,
    "priceBid": 0.007,
    "priceChange": -0.016,
    "priceChangePercent": -66.66666666666667,
    "priceLast": 0.008,
    "sector": "Consumer Discretionary",
    "industryGroup": "Consumer Discretionary Distribution & Retail",
    "securityType": 1,
    "volume": 15406384,
    "statusCode": "",
    "isin": "AU000000SRY9",
    "priceClose": 0.024,
    "priceDayHigh": 0.015,
    "priceDayLow": 0.008,
    "priceFiftyTwoWeekHigh": 0.015,
    "priceFiftyTwoWeekLow": 0.008,
    "volumeAverage": 15406384,
    "cashFlow": -7.43157,
    "earningsPerShare": -0.00558,
    "freeCashFlowYield": -0.0000100000010000001,
    "priceEarningsRatio": -99999.99,
    "priceToCash": -99999.99,
    "foreignExempt": false,
    "shareDescription": "Ordinary Fully Paid",
    "numOfShares": 376404857,
    "yieldAnnual": 0,
    "incomeStatement": [
      {
        "revenue": 42414600,
        "netIncome": -2165950,
        "period": "2022A",
        "fPeriodEndDate": 44742,
        "curCode": "AUD"
      },
      {
        "revenue": 41948850,
        "netIncome": -2314320,
        "period": "2021A",
        "fPeriodEndDate": 44377,
        "curCode": "AUD"
      },
      {
        "revenue": 42719570,
        "netIncome": -503750,
        "period": "2020A",
        "fPeriodEndDate": 44012,
        "curCode": "AUD"
      },
      {
        "revenue": 41488750,
        "netIncome": 735110,
        "period": "2019A",
        "fPeriodEndDate": 43646,
        "curCode": "AUD"
      }
    ]
  },
  {
    "symbol": "SUL",
    "displayName": "SUPER RETAIL GROUP LIMITED",
    "industry": "Consumer Discretionary Distribution & Retail",
    "dateListed": "2004-07-06",
    "marketCap": 2777665950,
    "xid": "262270",
    "priceChangeFiveDayPercent": -0.7389162561576343,
    "isRecentListing": false,
    "priceAsk": 12.25,
    "priceBid": 12.05,
    "priceChange": -0.21000000000000085,
    "priceChangePercent": -1.7073170731707386,
    "priceLast": 12.09,
    "sector": "Consumer Discretionary",
    "industryGroup": "Consumer Discretionary Distribution & Retail",
    "securityType": 1,
    "volume": 620848,
    "statusCode": "XD",
    "isin": "AU000000SUL0",
    "priceClose": 12.3,
    "priceDayHigh": 12.5,
    "priceDayLow": 12.07,
    "priceFiftyTwoWeekHigh": 13.75,
    "priceFiftyTwoWeekLow": 7.98,
    "volumeAverage": 758087.184783,
    "dateExDate": "2023-03-08",
    "datePayDate": "2023-04-14",
    "dateRecordDate": "2023-03-09",
    "dividend": 0.34,
    "dividendType": "I",
    "frankingPercent": 100,
    "cashFlow": 365.1,
    "earningsPerShare": 1.20547,
    "freeCashFlowYield": 0.21733035735630662,
    "priceEarningsRatio": 10.08735,
    "priceToCash": 4.60129,
    "foreignExempt": false,
    "shareDescription": "Ordinary Fully Paid",
    "numOfShares": 225826500,
    "yieldAnnual": 6.368899917287014,
    "incomeStatement": [
      {
        "revenue": 3550900000,
        "netIncome": 241200000,
        "period": "2022A",
        "fPeriodEndDate": 44744,
        "curCode": "AUD"
      },
      {
        "revenue": 3453100000,
        "netIncome": 301000000,
        "period": "2021A",
        "fPeriodEndDate": 44373,
        "curCode": "AUD"
      },
      {
        "revenue": 2825200000,
        "netIncome": 110200000,
        "period": "2020A",
        "fPeriodEndDate": 44009,
        "curCode": "AUD"
      },
      {
        "revenue": 2710400000,
        "netIncome": 139300000,
        "period": "2019A",
        "fPeriodEndDate": 43645,
        "curCode": "AUD"
      }
    ]
  },
  {
    "symbol": "SNL",
    "displayName": "SUPPLY NETWORK LIMITED",
    "industry": "Consumer Discretionary Distribution & Retail",
    "dateListed": "1987-09-10",
    "marketCap": 514931487,
    "xid": "256840",
    "priceChangeFiveDayPercent": 0.1626016260162567,
    "isRecentListing": false,
    "priceAsk": 12.35,
    "priceBid": 11.51,
    "priceChange": -0.16999999999999993,
    "priceChangePercent": -1.361088871096877,
    "priceLast": 12.32,
    "sector": "Consumer Discretionary",
    "industryGroup": "Consumer Discretionary Distribution & Retail",
    "securityType": 1,
    "volume": 70622,
    "statusCode": "XD",
    "isin": "AU000000SNL5",
    "priceClose": 12.49,
    "priceDayHigh": 12.35,
    "priceDayLow": 12.32,
    "priceFiftyTwoWeekHigh": 13.45,
    "priceFiftyTwoWeekLow": 8.675,
    "volumeAverage": 9753.744186,
    "dateExDate": "2023-03-22",
    "datePayDate": "2023-04-06",
    "dateRecordDate": "2023-03-23",
    "dividend": 0.2,
    "dividendType": "I",
    "frankingPercent": 100,
    "cashFlow": 11.096,
    "earningsPerShare": 0.55814,
    "freeCashFlowYield": 0.06076785040413659,
    "priceEarningsRatio": 21.60748,
    "priceToCash": 16.45607,
    "foreignExempt": false,
    "shareDescription": "Ordinary Fully Paid",
    "numOfShares": 41227501,
    "yieldAnnual": 3.2467532467532467,
    "incomeStatement": [
      {
        "revenue": 198500000,
        "netIncome": 20018000,
        "period": "2022A",
        "fPeriodEndDate": 44742,
        "curCode": "AUD"
      },
      {
        "revenue": 162615000,
        "netIncome": 13846000,
        "period": "2021A",
        "fPeriodEndDate": 44377,
        "curCode": "AUD"
      },
      {
        "revenue": 136836000,
        "netIncome": 9548000,
        "period": "2020A",
        "fPeriodEndDate": 44012,
        "curCode": "AUD"
      },
      {
        "revenue": 123898000,
        "netIncome": 8690000,
        "period": "2019A",
        "fPeriodEndDate": 43646,
        "curCode": "AUD"
      }
    ]
  },
  {
    "symbol": "TPW",
    "displayName": "TEMPLE & WEBSTER GROUP LTD",
    "industry": "Consumer Discretionary Distribution & Retail",
    "dateListed": "2015-12-10",
    "marketCap": 414340496,
    "xid": "319835885",
    "priceChangeFiveDayPercent": -0.8771929824561346,
    "isRecentListing": false,
    "priceAsk": 3.44,
    "priceBid": 3.33,
    "priceChange": 0.020000000000000018,
    "priceChangePercent": 0.5934718100890213,
    "priceLast": 3.39,
    "sector": "Consumer Discretionary",
    "industryGroup": "Consumer Discretionary Distribution & Retail",
    "securityType": 1,
    "volume": 333239,
    "statusCode": "",
    "isin": "AU000000TPW5",
    "priceClose": 3.37,
    "priceDayHigh": 3.44,
    "priceDayLow": 3.29,
    "priceFiftyTwoWeekHigh": 7.25,
    "priceFiftyTwoWeekLow": 2.96,
    "volumeAverage": 546791.065217,
    "cashFlow": 0.105,
    "earningsPerShare": 0.0671,
    "freeCashFlowYield": 0.03166992339045532,
    "priceEarningsRatio": 48.13711,
    "priceToCash": 31.5757,
    "foreignExempt": false,
    "shareDescription": "Ordinary Fully Paid",
    "numOfShares": 122949702,
    "yieldAnnual": 0,
    "incomeStatement": [
      {
        "revenue": 426754000,
        "netIncome": 11968000,
        "period": "2022A",
        "fPeriodEndDate": 44742,
        "curCode": "AUD"
      },
      {
        "revenue": 326782000,
        "netIncome": 13953000,
        "period": "2021A",
        "fPeriodEndDate": 44377,
        "curCode": "AUD"
      },
      {
        "revenue": 176571000,
        "netIncome": 13909000,
        "period": "2020A",
        "fPeriodEndDate": 44012,
        "curCode": "AUD"
      },
      {
        "revenue": 101755000,
        "netIncome": 3764000,
        "period": "2019A",
        "fPeriodEndDate": 43646,
        "curCode": "AUD"
      }
    ]
  },
  {
    "symbol": "TRS",
    "displayName": "THE REJECT SHOP LIMITED",
    "industry": "Consumer Discretionary Distribution & Retail",
    "dateListed": "2004-06-01",
    "marketCap": 152156256,
    "xid": "272313",
    "priceChangeFiveDayPercent": 0.24875621890548946,
    "isRecentListing": false,
    "priceAsk": 4.16,
    "priceBid": 4,
    "priceChange": 0.07000000000000028,
    "priceChangePercent": 1.7676767676767748,
    "priceLast": 4.03,
    "sector": "Consumer Discretionary",
    "industryGroup": "Consumer Discretionary Distribution & Retail",
    "securityType": 1,
    "volume": 5795,
    "statusCode": "",
    "isin": "AU000000TRS9",
    "priceClose": 3.96,
    "priceDayHigh": 4.07,
    "priceDayLow": 3.94,
    "priceFiftyTwoWeekHigh": 6.02,
    "priceFiftyTwoWeekLow": 2.82,
    "volumeAverage": 14970.521739,
    "dateExDate": "2019-03-15",
    "datePayDate": "2019-04-08",
    "dateRecordDate": "2019-03-18",
    "dividend": 0.1,
    "dividendType": "I",
    "frankingPercent": 100,
    "cashFlow": 74.528,
    "earningsPerShare": 0.22405,
    "freeCashFlowYield": 0.7576446343606996,
    "priceEarningsRatio": 17.85316,
    "priceToCash": 1.31988,
    "foreignExempt": false,
    "shareDescription": "Ordinary Fully Paid",
    "numOfShares": 38423297,
    "yieldAnnual": 0,
    "incomeStatement": [
      {
        "revenue": 788241000,
        "netIncome": 7902000,
        "period": "2022A",
        "fPeriodEndDate": 44745,
        "curCode": "AUD"
      },
      {
        "revenue": 778688000,
        "netIncome": 8319000,
        "period": "2021A",
        "fPeriodEndDate": 44374,
        "curCode": "AUD"
      },
      {
        "revenue": 820645000,
        "netIncome": 1120000,
        "period": "2020A",
        "fPeriodEndDate": 44010,
        "curCode": "AUD"
      },
      {
        "revenue": 793687000,
        "netIncome": -16899000,
        "period": "2019A",
        "fPeriodEndDate": 43646,
        "curCode": "AUD"
      }
    ]
  },
  {
    "symbol": "TGA",
    "displayName": "THORN GROUP LIMITED",
    "industry": "Consumer Discretionary Distribution & Retail",
    "dateListed": "2006-12-13",
    "marketCap": 39283341,
    "xid": "6063603",
    "priceChangeFiveDayPercent": 1.8018018018018032,
    "isRecentListing": false,
    "priceAsk": 1.145,
    "priceBid": 1.12,
    "priceChange": 0,
    "priceChangePercent": 0,
    "priceLast": 1.1300000000000001,
    "sector": "Consumer Discretionary",
    "industryGroup": "Consumer Discretionary Distribution & Retail",
    "securityType": 1,
    "volume": 2655,
    "statusCode": "RE",
    "isin": "AU000000TGA0",
    "priceClose": 1.1300000000000001,
    "priceDayHigh": 1.1300000000000001,
    "priceDayLow": 1.1300000000000001,
    "priceFiftyTwoWeekHigh": 3.2,
    "priceFiftyTwoWeekLow": 1.05,
    "volumeAverage": 14952.352941,
    "dateExDate": "2022-08-24",
    "datePayDate": "2022-09-08",
    "dateRecordDate": "2022-08-25",
    "dividend": 0.03,
    "dividendType": "I",
    "frankingPercent": 100,
    "cashFlow": -46.676,
    "earningsPerShare": 0.07135,
    "freeCashFlowYield": 0.07036837138737578,
    "priceEarningsRatio": 16.04765,
    "priceToCash": 14.21093,
    "foreignExempt": false,
    "shareDescription": "Ordinary Fully Paid",
    "numOfShares": 34764019,
    "yieldAnnual": 8.849557522123895,
    "incomeStatement": [
      {
        "revenue": 17296000,
        "netIncome": 32346000,
        "period": "2022A",
        "fPeriodEndDate": 44651,
        "curCode": "AUD"
      },
      {
        "revenue": 33442000,
        "netIncome": 8396000,
        "period": "2021A",
        "fPeriodEndDate": 44286,
        "curCode": "AUD"
      },
      {
        "revenue": 204299000,
        "netIncome": -81068000,
        "period": "2020A",
        "fPeriodEndDate": 43921,
        "curCode": "AUD"
      },
      {
        "revenue": 221857000,
        "netIncome": -14965000,
        "period": "2019A",
        "fPeriodEndDate": 43555,
        "curCode": "AUD"
      }
    ]
  },
  {
    "symbol": "TOY",
    "displayName": "TOYS'R'US ANZ LIMITED",
    "industry": "Consumer Discretionary Distribution & Retail",
    "dateListed": "2000-09-14",
    "marketCap": 17261733,
    "xid": "113575",
    "priceChangeFiveDayPercent": -9.999999999999993,
    "isRecentListing": false,
    "priceAsk": 0.021,
    "priceBid": 0.018000000000000002,
    "priceChange": -0.0019999999999999983,
    "priceChangePercent": -9.999999999999993,
    "priceLast": 0.018000000000000002,
    "sector": "Consumer Discretionary",
    "industryGroup": "Consumer Discretionary Distribution & Retail",
    "securityType": 1,
    "volume": 3325363,
    "statusCode": "",
    "isin": "AU0000160301",
    "priceClose": 0.02,
    "priceDayHigh": 0.02,
    "priceDayLow": 0.018000000000000002,
    "priceFiftyTwoWeekHigh": 0.135,
    "priceFiftyTwoWeekLow": 0.018,
    "volumeAverage": 1202163.56044,
    "dateExDate": "2013-11-14",
    "datePayDate": "2013-11-27",
    "dateRecordDate": "2013-11-20",
    "dividend": 0.005,
    "dividendType": "F",
    "frankingPercent": 100,
    "cashFlow": -11.915,
    "earningsPerShare": -0.02879,
    "freeCashFlowYield": -0.0000100000010000001,
    "priceEarningsRatio": -99999.99,
    "priceToCash": -99999.99,
    "foreignExempt": false,
    "shareDescription": "Ordinary Fully Paid",
    "numOfShares": 863086674,
    "yieldAnnual": 0,
    "incomeStatement": [
      {
        "revenue": 37927000,
        "netIncome": -24759000,
        "period": "2022A",
        "fPeriodEndDate": 44773,
        "curCode": "AUD"
      },
      {
        "revenue": 21827000,
        "netIncome": -3113000,
        "period": "2021A",
        "fPeriodEndDate": 44408,
        "curCode": "AUD"
      },
      {
        "revenue": 0,
        "netIncome": -9313000,
        "period": "2020A",
        "fPeriodEndDate": 44043,
        "curCode": "AUD"
      },
      {
        "revenue": 29959000,
        "netIncome": 7596000,
        "period": "2019A",
        "fPeriodEndDate": 43677,
        "curCode": "AUD"
      }
    ]
  },
  {
    "symbol": "TTA",
    "displayName": "TTA HOLDINGS LIMITED",
    "industry": "Consumer Discretionary Distribution & Retail",
    "dateListed": "2006-02-16",
    "marketCap": 2198775,
    "xid": "3916121",
    "priceChangeFiveDayPercent": 0,
    "isRecentListing": false,
    "priceAsk": 0.023,
    "priceBid": 0.016,
    "priceChange": 0,
    "priceChangePercent": 0,
    "priceLast": 0.016,
    "sector": "Consumer Discretionary",
    "industryGroup": "Consumer Discretionary Distribution & Retail",
    "securityType": 1,
    "volume": 0,
    "statusCode": "",
    "isin": "AU000000TTA3",
    "priceClose": 0.016,
    "priceFiftyTwoWeekHigh": 0.036,
    "priceFiftyTwoWeekLow": 0.015,
    "volumeAverage": 30354.769231,
    "dateExDate": "2013-07-08",
    "datePayDate": "2013-07-26",
    "dateRecordDate": "2013-07-12",
    "dividend": 0.004,
    "dividendType": "F",
    "frankingPercent": 100,
    "cashFlow": -0.72069,
    "earningsPerShare": -0.01364,
    "freeCashFlowYield": -0.0000100000010000001,
    "priceEarningsRatio": -99999.99,
    "priceToCash": -99999.99,
    "foreignExempt": false,
    "shareDescription": "Ordinary Fully Paid",
    "numOfShares": 137423410,
    "yieldAnnual": 0,
    "incomeStatement": [
      {
        "revenue": 3099150,
        "netIncome": -1783710,
        "period": "2022A",
        "fPeriodEndDate": 44651,
        "curCode": "AUD"
      },
      {
        "revenue": 7730700,
        "netIncome": 843390,
        "period": "2021A",
        "fPeriodEndDate": 44286,
        "curCode": "AUD"
      },
      {
        "revenue": 3643560,
        "netIncome": -2679830,
        "period": "2020A",
        "fPeriodEndDate": 43921,
        "curCode": "AUD"
      },
      {
        "revenue": 13085010,
        "netIncome": -3496780,
        "period": "2019A",
        "fPeriodEndDate": 43555,
        "curCode": "AUD"
      }
    ]
  },
  {
    "symbol": "TRA",
    "displayName": "TURNERS AUTOMOTIVE GROUP LIMITED",
    "industry": "Consumer Discretionary Distribution & Retail",
    "dateListed": "2017-07-28",
    "marketCap": 286110815,
    "xid": "419008734",
    "priceChangeFiveDayPercent": 0,
    "isRecentListing": false,
    "priceAsk": 3.29,
    "priceBid": 3,
    "priceChange": -0.010000000000000231,
    "priceChangePercent": -0.30303030303031,
    "priceLast": 3.29,
    "sector": "Consumer Discretionary",
    "industryGroup": "Consumer Discretionary Distribution & Retail",
    "securityType": 1,
    "volume": 2,
    "statusCode": "",
    "isin": "NZVNLE0001S1",
    "priceClose": 3.3000000000000003,
    "priceDayHigh": 3.29,
    "priceDayLow": 3.29,
    "priceFiftyTwoWeekHigh": 3.4,
    "priceFiftyTwoWeekLow": 3.29,
    "volumeAverage": 2991.125,
    "dateExDate": "2023-01-11",
    "datePayDate": "2023-01-26",
    "dateRecordDate": "2023-01-12",
    "dividend": 0.0455,
    "dividendType": "I",
    "frankingPercent": 85,
    "cashFlow": -50.456,
    "earningsPerShare": 0.36541,
    "freeCashFlowYield": 0.1477041603830855,
    "priceEarningsRatio": 9.14042,
    "priceToCash": 6.77029,
    "foreignExempt": true,
    "shareDescription": "Ordinary Fully Paid Foreign Exempt Nzx",
    "numOfShares": 86700247,
    "yieldAnnual": 0,
    "incomeStatement": [
      {
        "revenue": 341459000,
        "netIncome": 31281000,
        "period": "2022A",
        "fPeriodEndDate": 44651,
        "curCode": "NZD"
      },
      {
        "revenue": 296057000,
        "netIncome": 26864000,
        "period": "2021A",
        "fPeriodEndDate": 44286,
        "curCode": "NZD"
      },
      {
        "revenue": 332022000,
        "netIncome": 20953000,
        "period": "2020A",
        "fPeriodEndDate": 43921,
        "curCode": "NZD"
      },
      {
        "revenue": 332075000,
        "netIncome": 22719000,
        "period": "2019A",
        "fPeriodEndDate": 43555,
        "curCode": "NZD"
      }
    ]
  },
  {
    "symbol": "UNI",
    "displayName": "UNIVERSAL STORE HOLDINGS LIMITED",
    "industry": "Consumer Discretionary Distribution & Retail",
    "dateListed": "2020-11-16",
    "marketCap": 391276131,
    "xid": "626329749",
    "priceChangeFiveDayPercent": -0.29644268774702925,
    "isRecentListing": false,
    "priceAsk": 5.2,
    "priceBid": 4.89,
    "priceChange": -0.055000000000000604,
    "priceChangePercent": -1.0784313725490313,
    "priceLast": 5.045,
    "sector": "Consumer Discretionary",
    "industryGroup": "Consumer Discretionary Distribution & Retail",
    "securityType": 1,
    "volume": 8981,
    "statusCode": "XD",
    "isin": "AU0000113565",
    "priceClose": 5.1000000000000005,
    "priceDayHigh": 5.13,
    "priceDayLow": 4.99,
    "priceFiftyTwoWeekHigh": 6.19,
    "priceFiftyTwoWeekLow": 3.07,
    "volumeAverage": 70285.130435,
    "dateExDate": "2023-03-07",
    "datePayDate": "2023-03-29",
    "dateRecordDate": "2023-03-08",
    "dividend": 0.14,
    "dividendType": "I",
    "frankingPercent": 100,
    "cashFlow": 15.336,
    "earningsPerShare": 0.34413,
    "freeCashFlowYield": 0.132954855178924,
    "priceEarningsRatio": 14.55845,
    "priceToCash": 7.52135,
    "foreignExempt": false,
    "shareDescription": "Ordinary Fully Paid",
    "numOfShares": 76720810,
    "yieldAnnual": 0,
    "incomeStatement": [
      {
        "revenue": 207969000,
        "netIncome": 20574000,
        "period": "2022A",
        "fPeriodEndDate": 44742,
        "curCode": "AUD"
      },
      {
        "revenue": 210817000,
        "netIncome": 24369000,
        "period": "2021A",
        "fPeriodEndDate": 44377,
        "curCode": "AUD"
      },
      {
        "revenue": 154868960,
        "netIncome": 12822530,
        "period": "2020A",
        "fPeriodEndDate": 44012,
        "curCode": "AUD"
      },
      {
        "revenue": 104507640,
        "netIncome": 7077180,
        "period": "2019A",
        "fPeriodEndDate": 43646,
        "curCode": "AUD"
      }
    ]
  },
  {
    "symbol": "VTG",
    "displayName": "VITA GROUP LIMITED",
    "industry": "Consumer Discretionary Distribution & Retail",
    "dateListed": "2005-11-02",
    "marketCap": 23742697,
    "xid": "3347787",
    "priceChangeFiveDayPercent": -3.5714285714285743,
    "isRecentListing": false,
    "priceAsk": 0.14,
    "priceBid": 0.135,
    "priceChange": 0,
    "priceChangePercent": 0,
    "priceLast": 0.135,
    "sector": "Consumer Discretionary",
    "industryGroup": "Consumer Discretionary Distribution & Retail",
    "securityType": 1,
    "volume": 17139,
    "statusCode": "",
    "isin": "AU000000VTG6",
    "priceClose": 0.135,
    "priceDayHigh": 0.14,
    "priceDayLow": 0.135,
    "priceFiftyTwoWeekHigh": 0.51,
    "priceFiftyTwoWeekLow": 0.08,
    "volumeAverage": 453212.913043,
    "dateExDate": "2022-05-05",
    "datePayDate": "2022-05-13",
    "dateRecordDate": "2022-05-06",
    "dividend": 0.133,
    "dividendType": "I",
    "frankingPercent": 100,
    "cashFlow": -27.64,
    "earningsPerShare": -0.13303,
    "freeCashFlowYield": -0.0000100000010000001,
    "priceEarningsRatio": -99999.99,
    "priceToCash": -99999.99,
    "foreignExempt": false,
    "shareDescription": "Ordinary Fully Paid",
    "numOfShares": 175871832,
    "yieldAnnual": 0,
    "incomeStatement": [
      {
        "revenue": 24619000,
        "netIncome": -7426000,
        "period": "2022A",
        "fPeriodEndDate": 44742,
        "curCode": "AUD"
      },
      {
        "revenue": 28392000,
        "netIncome": 26338000,
        "period": "2021A",
        "fPeriodEndDate": 44377,
        "curCode": "AUD"
      },
      {
        "revenue": 773098000,
        "netIncome": 22407000,
        "period": "2020A",
        "fPeriodEndDate": 44012,
        "curCode": "AUD"
      },
      {
        "revenue": 753712000,
        "netIncome": 24282000,
        "period": "2019A",
        "fPeriodEndDate": 43646,
        "curCode": "AUD"
      }
    ]
  },
  {
    "symbol": "WES",
    "displayName": "WESFARMERS LIMITED",
    "industry": "Consumer Discretionary Distribution & Retail",
    "dateListed": "1984-11-15",
    "marketCap": 56158458345,
    "xid": "284705",
    "priceChangeFiveDayPercent": 1.5768994470612394,
    "isRecentListing": false,
    "priceAsk": 49.77,
    "priceBid": 49.5,
    "priceChange": 0.10000000000000142,
    "priceChangePercent": 0.2020202020202049,
    "priceLast": 49.6,
    "sector": "Consumer Discretionary",
    "industryGroup": "Consumer Discretionary Distribution & Retail",
    "securityType": 1,
    "volume": 1239294,
    "statusCode": "XD",
    "isin": "AU000000WES1",
    "priceClose": 49.5,
    "priceDayHigh": 49.825,
    "priceDayLow": 49.01,
    "priceFiftyTwoWeekHigh": 51.66,
    "priceFiftyTwoWeekLow": 40.03,
    "volumeAverage": 1709394.673913,
    "dateExDate": "2023-02-20",
    "datePayDate": "2023-03-28",
    "dateRecordDate": "2023-02-21",
    "dividend": 0.88,
    "dividendType": "I",
    "frankingPercent": 100,
    "cashFlow": -562,
    "earningsPerShare": 2.22553,
    "freeCashFlowYield": 0.07532122619943404,
    "priceEarningsRatio": 21.99476,
    "priceToCash": 13.27647,
    "foreignExempt": false,
    "shareDescription": "Ordinary Fully Paid",
    "numOfShares": 1134514310,
    "yieldAnnual": 3.7903225806451615,
    "incomeStatement": [
      {
        "revenue": 36838000000,
        "netIncome": 2352000000,
        "period": "2022A",
        "fPeriodEndDate": 44742,
        "curCode": "AUD"
      },
      {
        "revenue": 33941000000,
        "netIncome": 2380000000,
        "period": "2021A",
        "fPeriodEndDate": 44377,
        "curCode": "AUD"
      },
      {
        "revenue": 30846000000,
        "netIncome": 1697000000,
        "period": "2020A",
        "fPeriodEndDate": 44012,
        "curCode": "AUD"
      },
      {
        "revenue": 27920000000,
        "netIncome": 5510000000,
        "period": "2019A",
        "fPeriodEndDate": 43646,
        "curCode": "AUD"
      }
    ]
  }
]