[
  {
    "symbol": "ACR",
    "displayName": "ACRUX LIMITED",
    "industry": "Pharmaceuticals, Biotechnology & Life Sciences",
    "dateListed": "2004-09-29",
    "marketCap": 19174829,
    "xid": "37940",
    "priceChangeFiveDayPercent": 0,
    "isRecentListing": false,
    "priceAsk": 0.078,
    "priceBid": 0.067,
    "priceChange": 0,
    "priceChangePercent": 0,
    "priceLast": 0.067,
    "sector": "Health Care",
    "industryGroup": "Pharmaceuticals, Biotechnology & Life Sciences",
    "securityType": 1,
    "volume": 108,
    "statusCode": "",
    "isin": "AU000000ACR3",
    "priceClose": 0.067,
    "priceDayHigh": 0.067,
    "priceDayLow": 0.067,
    "priceFiftyTwoWeekHigh": 0.12,
    "priceFiftyTwoWeekLow": 0.05,
    "volumeAverage": 90796.253968,
    "dateExDate": "2015-08-18",
    "datePayDate": "2015-09-03",
    "dateRecordDate": "2015-08-20",
    "dividend": 0.06,
    "dividendType": "F",
    "frankingPercent": 100,
    "cashFlow": -9.284,
    "earningsPerShare": -0.03465,
    "freeCashFlowYield": -0.0000100000010000001,
    "priceEarningsRatio": -99999.99,
    "priceToCash": -99999.99,
    "foreignExempt": false,
    "shareDescription": "Ordinary Fully Paid",
    "numOfShares": 286191484,
    "yieldAnnual": 0,
    "incomeStatement": [
      {
        "revenue": 5103000,
        "netIncome": -9834000,
        "period": "2022A",
        "fPeriodEndDate": 44742,
        "curCode": "AUD"
      },
      {
        "revenue": 4792000,
        "netIncome": -12629000,
        "period": "2021A",
        "fPeriodEndDate": 44377,
        "curCode": "AUD"
      },
      {
        "revenue": 3845000,
        "netIncome": -9471000,
        "period": "2020A",
        "fPeriodEndDate": 44012,
        "curCode": "AUD"
      },
      {
        "revenue": 5286000,
        "netIncome": -8325000,
        "period": "2019A",
        "fPeriodEndDate": 43646,
        "curCode": "AUD"
      }
    ]
  },
  {
    "symbol": "ACW",
    "displayName": "ACTINOGEN MEDICAL LIMITED",
    "industry": "Pharmaceuticals, Biotechnology & Life Sciences",
    "dateListed": "2007-10-16",
    "marketCap": 215687258,
    "xid": "8548581",
    "priceChangeFiveDayPercent": 4.3478260869565135,
    "isRecentListing": false,
    "priceAsk": 0.125,
    "priceBid": 0.115,
    "priceChange": 0,
    "priceChangePercent": 0,
    "priceLast": 0.12,
    "sector": "Health Care",
    "industryGroup": "Pharmaceuticals, Biotechnology & Life Sciences",
    "securityType": 1,
    "volume": 547265,
    "statusCode": "",
    "isin": "AU000000ACW3",
    "priceClose": 0.12,
    "priceDayHigh": 0.125,
    "priceDayLow": 0.12,
    "priceFiftyTwoWeekHigh": 0.18,
    "priceFiftyTwoWeekLow": 0.04,
    "volumeAverage": 1727898.235955,
    "cashFlow": -9.52007,
    "earningsPerShare": -0.00558,
    "freeCashFlowYield": -0.0000100000010000001,
    "priceEarningsRatio": -99999.99,
    "priceToCash": -99999.99,
    "foreignExempt": false,
    "shareDescription": "Ordinary Fully Paid",
    "numOfShares": 1797393817,
    "yieldAnnual": 0,
    "incomeStatement": [
      {
        "revenue": 41070,
        "netIncome": -9497370,
        "period": "2022A",
        "fPeriodEndDate": 44742,
        "curCode": "AUD"
      },
      {
        "revenue": 27090,
        "netIncome": -3915070,
        "period": "2021A",
        "fPeriodEndDate": 44377,
        "curCode": "AUD"
      },
      {
        "revenue": 94060,
        "netIncome": -5330530,
        "period": "2020A",
        "fPeriodEndDate": 44012,
        "curCode": "AUD"
      },
      {
        "revenue": 204550,
        "netIncome": -9887680,
        "period": "2019A",
        "fPeriodEndDate": 43646,
        "curCode": "AUD"
      }
    ]
  },
  {
    "symbol": "1AD",
    "displayName": "ADALTA LIMITED",
    "industry": "Pharmaceuticals, Biotechnology & Life Sciences",
    "dateListed": "2016-08-22",
    "marketCap": 14138314,
    "xid": "359623659",
    "priceChangeFiveDayPercent": 6.666666666666673,
    "isRecentListing": false,
    "priceAsk": 0.051000000000000004,
    "priceBid": 0.046,
    "priceChange": 0.0030000000000000027,
    "priceChangePercent": 6.666666666666673,
    "priceLast": 0.048,
    "sector": "Health Care",
    "industryGroup": "Pharmaceuticals, Biotechnology & Life Sciences",
    "securityType": 1,
    "volume": 377001,
    "statusCode": "",
    "isin": "AU0000001AD2",
    "priceClose": 0.045,
    "priceDayHigh": 0.051000000000000004,
    "priceDayLow": 0.048,
    "priceFiftyTwoWeekHigh": 0.092,
    "priceFiftyTwoWeekLow": 0.042,
    "volumeAverage": 188235.557143,
    "cashFlow": -4.11377,
    "earningsPerShare": -0.02253,
    "freeCashFlowYield": -0.0000100000010000001,
    "priceEarningsRatio": -99999.99,
    "priceToCash": -99999.99,
    "foreignExempt": false,
    "shareDescription": "Ordinary Fully Paid",
    "numOfShares": 314184746,
    "yieldAnnual": 0,
    "incomeStatement": [
      {
        "revenue": 2755220,
        "netIncome": -6061020,
        "period": "2022A",
        "fPeriodEndDate": 44742,
        "curCode": "AUD"
      },
      {
        "revenue": 3987320,
        "netIncome": -5628360,
        "period": "2021A",
        "fPeriodEndDate": 44377,
        "curCode": "AUD"
      },
      {
        "revenue": 3846880,
        "netIncome": -6006460,
        "period": "2020A",
        "fPeriodEndDate": 44012,
        "curCode": "AUD"
      },
      {
        "revenue": 3589570,
        "netIncome": -5918190,
        "period": "2019A",
        "fPeriodEndDate": 43646,
        "curCode": "AUD"
      }
    ]
  },
  {
    "symbol": "AFP",
    "displayName": "AFT PHARMACEUTICALS LIMITED",
    "industry": "Pharmaceuticals, Biotechnology & Life Sciences",
    "dateListed": "2015-12-22",
    "marketCap": 360739934,
    "xid": "321649575",
    "priceChangeFiveDayPercent": 4.242424242424247,
    "isRecentListing": false,
    "priceAsk": 4,
    "priceBid": 3.3000000000000003,
    "priceChange": 0,
    "priceChangePercent": 0,
    "priceLast": 3.44,
    "sector": "Health Care",
    "industryGroup": "Pharmaceuticals, Biotechnology & Life Sciences",
    "securityType": 1,
    "volume": 0,
    "statusCode": "",
    "isin": "NZAFTE0001S4",
    "priceClose": 3.44,
    "priceFiftyTwoWeekHigh": 4.68,
    "priceFiftyTwoWeekLow": 2.9,
    "volumeAverage": 4718.405405,
    "cashFlow": 8.567,
    "earningsPerShare": 0.19108,
    "freeCashFlowYield": 0.05207441016617466,
    "priceEarningsRatio": 20.46263,
    "priceToCash": 19.20329,
    "foreignExempt": true,
    "shareDescription": "Ordinary Fully Paid Foreign Exempt Nzx",
    "numOfShares": 104866260,
    "yieldAnnual": 0,
    "incomeStatement": [
      {
        "revenue": 130314000,
        "netIncome": 19848000,
        "period": "2022A",
        "fPeriodEndDate": 44651,
        "curCode": "NZD"
      },
      {
        "revenue": 113105000,
        "netIncome": 7782000,
        "period": "2021A",
        "fPeriodEndDate": 44286,
        "curCode": "NZD"
      },
      {
        "revenue": 105597000,
        "netIncome": 12692000,
        "period": "2020A",
        "fPeriodEndDate": 43921,
        "curCode": "NZD"
      },
      {
        "revenue": 85127000,
        "netIncome": -2427000,
        "period": "2019A",
        "fPeriodEndDate": 43555,
        "curCode": "NZD"
      }
    ]
  },
  {
    "symbol": "ATH",
    "displayName": "ALTERITY THERAPEUTICS LIMITED",
    "industry": "Pharmaceuticals, Biotechnology & Life Sciences",
    "dateListed": "2000-03-28",
    "marketCap": 26580603,
    "xid": "225892",
    "priceChangeFiveDayPercent": 0,
    "isRecentListing": false,
    "priceAsk": 0.011,
    "priceBid": 0.01,
    "priceChange": 0,
    "priceChangePercent": 0,
    "priceLast": 0.011,
    "sector": "Health Care",
    "industryGroup": "Pharmaceuticals, Biotechnology & Life Sciences",
    "securityType": 1,
    "volume": 1083555,
    "statusCode": "",
    "isin": "AU0000043945",
    "priceClose": 0.011,
    "priceDayHigh": 0.011,
    "priceDayLow": 0.01,
    "priceFiftyTwoWeekHigh": 0.027,
    "priceFiftyTwoWeekLow": 0.01,
    "volumeAverage": 2483733.906977,
    "cashFlow": -12.42642,
    "earningsPerShare": -0.00534,
    "freeCashFlowYield": -0.0000100000010000001,
    "priceEarningsRatio": -99999.99,
    "priceToCash": -99999.99,
    "foreignExempt": false,
    "shareDescription": "Ordinary Fully Paid",
    "numOfShares": 2416418418,
    "yieldAnnual": 0,
    "incomeStatement": [
      {
        "revenue": 2500,
        "netIncome": -12847060,
        "period": "2022A",
        "fPeriodEndDate": 44742,
        "curCode": "AUD"
      },
      {
        "revenue": 20680,
        "netIncome": -15309350,
        "period": "2021A",
        "fPeriodEndDate": 44377,
        "curCode": "AUD"
      },
      {
        "revenue": 17120,
        "netIncome": -13456800,
        "period": "2020A",
        "fPeriodEndDate": 44012,
        "curCode": "AUD"
      },
      {
        "revenue": 108540,
        "netIncome": -12337830,
        "period": "2019A",
        "fPeriodEndDate": 43646,
        "curCode": "AUD"
      }
    ]
  },
  {
    "symbol": "AGH",
    "displayName": "ALTHEA GROUP HOLDINGS LIMITED",
    "industry": "Pharmaceuticals, Biotechnology & Life Sciences",
    "dateListed": "2018-09-21",
    "marketCap": 22816728,
    "xid": "490229928",
    "priceChangeFiveDayPercent": 0,
    "isRecentListing": false,
    "priceAsk": 0.066,
    "priceBid": 0.065,
    "priceChange": 0.0005000000000000004,
    "priceChangePercent": 0.7633587786259548,
    "priceLast": 0.066,
    "sector": "Health Care",
    "industryGroup": "Pharmaceuticals, Biotechnology & Life Sciences",
    "securityType": 1,
    "volume": 898371,
    "statusCode": "",
    "isin": "AU0000022774",
    "priceClose": 0.0655,
    "priceDayHigh": 0.066,
    "priceDayLow": 0.065,
    "priceFiftyTwoWeekHigh": 0.26,
    "priceFiftyTwoWeekLow": 0.059,
    "volumeAverage": 730164.329545,
    "cashFlow": -10.036,
    "earningsPerShare": -0.04014,
    "freeCashFlowYield": -0.0000100000010000001,
    "priceEarningsRatio": -99999.99,
    "priceToCash": -99999.99,
    "foreignExempt": false,
    "shareDescription": "Ordinary Fully Paid",
    "numOfShares": 348346988,
    "yieldAnnual": 0,
    "incomeStatement": [
      {
        "revenue": 20526000,
        "netIncome": -12124000,
        "period": "2022A",
        "fPeriodEndDate": 44742,
        "curCode": "AUD"
      },
      {
        "revenue": 11548000,
        "netIncome": -15046000,
        "period": "2021A",
        "fPeriodEndDate": 44377,
        "curCode": "AUD"
      },
      {
        "revenue": 5278000,
        "netIncome": -14768000,
        "period": "2020A",
        "fPeriodEndDate": 44012,
        "curCode": "AUD"
      },
      {
        "revenue": 973000,
        "netIncome": -8675000,
        "period": "2019A",
        "fPeriodEndDate": 43646,
        "curCode": "AUD"
      }
    ]
  },
  {
    "symbol": "ATX",
    "displayName": "AMPLIA THERAPEUTICS LIMITED",
    "industry": "Pharmaceuticals, Biotechnology & Life Sciences",
    "dateListed": "2013-12-23",
    "marketCap": 19400554,
    "xid": "70485942",
    "priceChangeFiveDayPercent": -4.761904761904753,
    "isRecentListing": false,
    "priceAsk": 0.105,
    "priceBid": 0.1,
    "priceChange": 0,
    "priceChangePercent": 0,
    "priceLast": 0.1,
    "sector": "Health Care",
    "industryGroup": "Pharmaceuticals, Biotechnology & Life Sciences",
    "securityType": 1,
    "volume": 3800,
    "statusCode": "",
    "isin": "AU0000023822",
    "priceClose": 0.1,
    "priceDayHigh": 0.1,
    "priceDayLow": 0.1,
    "priceFiftyTwoWeekHigh": 0.2,
    "priceFiftyTwoWeekLow": 0.09,
    "volumeAverage": 145756.906667,
    "cashFlow": -4.41642,
    "earningsPerShare": -0.02457,
    "freeCashFlowYield": -0.0000100000010000001,
    "priceEarningsRatio": -99999.99,
    "priceToCash": -99999.99,
    "foreignExempt": false,
    "shareDescription": "Ordinary Fully Paid",
    "numOfShares": 194005536,
    "yieldAnnual": 0,
    "incomeStatement": [
      {
        "revenue": 1983320,
        "netIncome": -3644220,
        "period": "2022A",
        "fPeriodEndDate": 44651,
        "curCode": "AUD"
      },
      {
        "revenue": 1533520,
        "netIncome": -2281150,
        "period": "2021A",
        "fPeriodEndDate": 44286,
        "curCode": "AUD"
      },
      {
        "revenue": 34230,
        "netIncome": -2219470,
        "period": "2020A",
        "fPeriodEndDate": 43921,
        "curCode": "AUD"
      },
      {
        "revenue": 50470,
        "netIncome": -1869960,
        "period": "2019A",
        "fPeriodEndDate": 43555,
        "curCode": "AUD"
      }
    ]
  },
  {
    "symbol": "AN1",
    "displayName": "ANAGENICS LIMITED",
    "industry": "Pharmaceuticals, Biotechnology & Life Sciences",
    "dateListed": "2005-12-09",
    "marketCap": 6630639,
    "xid": "2754755",
    "priceChangeFiveDayPercent": 11.111111111111109,
    "isRecentListing": false,
    "priceAsk": 0.033,
    "priceBid": 0.028,
    "priceChange": 0,
    "priceChangePercent": 0,
    "priceLast": 0.03,
    "sector": "Consumer Staples",
    "industryGroup": "Household & Personal Products",
    "securityType": 1,
    "volume": 26964,
    "statusCode": "",
    "isin": "AU0000198095",
    "priceClose": 0.03,
    "priceDayHigh": 0.03,
    "priceDayLow": 0.03,
    "priceFiftyTwoWeekHigh": 0.062,
    "priceFiftyTwoWeekLow": 0.019,
    "volumeAverage": 73930.94,
    "cashFlow": -2.56155,
    "earningsPerShare": -0.01744,
    "freeCashFlowYield": -0.0000100000010000001,
    "priceEarningsRatio": -99999.99,
    "priceToCash": -99999.99,
    "foreignExempt": false,
    "shareDescription": "Ordinary Fully Paid",
    "numOfShares": 221021303,
    "yieldAnnual": 0,
    "incomeStatement": [
      {
        "revenue": 9234870,
        "netIncome": -3648790,
        "period": "2022A",
        "fPeriodEndDate": 44742,
        "curCode": "AUD"
      },
      {
        "revenue": 5816350,
        "netIncome": -3386630,
        "period": "2021A",
        "fPeriodEndDate": 44377,
        "curCode": "AUD"
      },
      {
        "revenue": 7344610,
        "netIncome": -4907300,
        "period": "2020A",
        "fPeriodEndDate": 44012,
        "curCode": "AUD"
      },
      {
        "revenue": 7466340,
        "netIncome": -6790400,
        "period": "2019A",
        "fPeriodEndDate": 43646,
        "curCode": "AUD"
      }
    ]
  },
  {
    "symbol": "ANR",
    "displayName": "ANATARA LIFESCIENCES LTD",
    "industry": "Pharmaceuticals, Biotechnology & Life Sciences",
    "dateListed": "2014-10-16",
    "marketCap": 3282359,
    "xid": "79446348",
    "priceChangeFiveDayPercent": 0,
    "isRecentListing": false,
    "priceAsk": 0.04,
    "priceBid": 0.034,
    "priceChange": 0,
    "priceChangePercent": 0,
    "priceLast": 0.04,
    "sector": "Health Care",
    "industryGroup": "Pharmaceuticals, Biotechnology & Life Sciences",
    "securityType": 1,
    "volume": 0,
    "statusCode": "",
    "isin": "AU000000ANR0",
    "priceClose": 0.04,
    "priceFiftyTwoWeekHigh": 0.14532,
    "priceFiftyTwoWeekLow": 0.034,
    "volumeAverage": 63895.934636,
    "cashFlow": -2.23944,
    "earningsPerShare": -0.03448,
    "freeCashFlowYield": -0.0000100000010000001,
    "priceEarningsRatio": -99999.99,
    "priceToCash": -99999.99,
    "foreignExempt": false,
    "shareDescription": "Ordinary Fully Paid",
    "numOfShares": 82058964,
    "yieldAnnual": 0,
    "incomeStatement": [
      {
        "revenue": 0,
        "netIncome": -2532290,
        "period": "2022A",
        "fPeriodEndDate": 44742,
        "curCode": "AUD"
      },
      {
        "revenue": 0,
        "netIncome": -1995870,
        "period": "2021A",
        "fPeriodEndDate": 44377,
        "curCode": "AUD"
      },
      {
        "revenue": 0,
        "netIncome": -3364640,
        "period": "2020A",
        "fPeriodEndDate": 44012,
        "curCode": "AUD"
      },
      {
        "revenue": 663410,
        "netIncome": -2868270,
        "period": "2019A",
        "fPeriodEndDate": 43646,
        "curCode": "AUD"
      }
    ]
  },
  {
    "symbol": "ANRN",
    "displayName": "ANATARA LIFESCIENCES LTD",
    "industry": "Pharmaceuticals, Biotechnology & Life Sciences",
    "dateListed": "2014-10-16",
    "marketCap": 3282359,
    "xid": "765082251",
    "priceChangeFiveDayPercent": 0,
    "isRecentListing": false,
    "priceChange": 0,
    "priceChangePercent": 0,
    "priceLast": 0,
    "sector": "Health Care",
    "industryGroup": "Pharmaceuticals, Biotechnology & Life Sciences",
    "securityType": 1,
    "volume": 0,
    "statusCode": "",
    "isin": "AU0000247504",
    "priceClose": 0,
    "priceFiftyTwoWeekHigh": 0,
    "priceFiftyTwoWeekLow": 0,
    "cashFlow": -2.23944,
    "earningsPerShare": -0.03448,
    "freeCashFlowYield": -0.0000100000010000001,
    "priceEarningsRatio": -99999.99,
    "priceToCash": -99999.99,
    "foreignExempt": false,
    "shareDescription": "Ordinary Fully Paid Deferred",
    "numOfShares": 82058964,
    "yieldAnnual": -32768,
    "incomeStatement": [
      {
        "revenue": 0,
        "netIncome": -2532290,
        "period": "2022A",
        "fPeriodEndDate": 44742,
        "curCode": "AUD"
      },
      {
        "revenue": 0,
        "netIncome": -1995870,
        "period": "2021A",
        "fPeriodEndDate": 44377,
        "curCode": "AUD"
      },
      {
        "revenue": 0,
        "netIncome": -3364640,
        "period": "2020A",
        "fPeriodEndDate": 44012,
        "curCode": "AUD"
      },
      {
        "revenue": 663410,
        "netIncome": -2868270,
        "period": "2019A",
        "fPeriodEndDate": 43646,
        "curCode": "AUD"
      }
    ]
  },
  {
    "symbol": "ADO",
    "displayName": "ANTEOTECH LTD",
    "industry": "Pharmaceuticals, Biotechnology & Life Sciences",
    "dateListed": "2000-04-07",
    "marketCap": 101385258,
    "xid": "260118",
    "priceChangeFiveDayPercent": 8.510638297872347,
    "isRecentListing": false,
    "priceAsk": 0.054,
    "priceBid": 0.051000000000000004,
    "priceChange": 0,
    "priceChangePercent": 0,
    "priceLast": 0.051000000000000004,
    "sector": "Health Care",
    "industryGroup": "Pharmaceuticals, Biotechnology & Life Sciences",
    "securityType": 1,
    "volume": 1604889,
    "statusCode": "",
    "isin": "AU000000ADO8",
    "priceClose": 0.051000000000000004,
    "priceDayHigh": 0.053,
    "priceDayLow": 0.051000000000000004,
    "priceFiftyTwoWeekHigh": 0.415,
    "priceFiftyTwoWeekLow": 0.044,
    "volumeAverage": 2083400.813187,
    "cashFlow": -11.77135,
    "earningsPerShare": -0.00545,
    "freeCashFlowYield": -0.0000100000010000001,
    "priceEarningsRatio": -99999.99,
    "priceToCash": -99999.99,
    "foreignExempt": false,
    "shareDescription": "Ordinary Fully Paid",
    "numOfShares": 1987946230,
    "yieldAnnual": 0,
    "incomeStatement": [
      {
        "revenue": 760880,
        "netIncome": -10716810,
        "period": "2022A",
        "fPeriodEndDate": 44742,
        "curCode": "AUD"
      },
      {
        "revenue": 898070,
        "netIncome": -6215580,
        "period": "2021A",
        "fPeriodEndDate": 44377,
        "curCode": "AUD"
      },
      {
        "revenue": 299400,
        "netIncome": -3126560,
        "period": "2020A",
        "fPeriodEndDate": 44012,
        "curCode": "AUD"
      },
      {
        "revenue": 150240,
        "netIncome": -3296840,
        "period": "2019A",
        "fPeriodEndDate": 43646,
        "curCode": "AUD"
      }
    ]
  },
  {
    "symbol": "ANP",
    "displayName": "ANTISENSE THERAPEUTICS LIMITED",
    "industry": "Pharmaceuticals, Biotechnology & Life Sciences",
    "dateListed": "2001-12-20",
    "marketCap": 62197840,
    "xid": "45878",
    "priceChangeFiveDayPercent": -1.0000000000000009,
    "isRecentListing": false,
    "priceAsk": 0.1,
    "priceBid": 0.097,
    "priceChange": 0.006000000000000005,
    "priceChangePercent": 6.451612903225812,
    "priceLast": 0.099,
    "sector": "Health Care",
    "industryGroup": "Pharmaceuticals, Biotechnology & Life Sciences",
    "securityType": 1,
    "volume": 359838,
    "statusCode": "",
    "isin": "AU000000ANP4",
    "priceClose": 0.093,
    "priceDayHigh": 0.099,
    "priceDayLow": 0.092,
    "priceFiftyTwoWeekHigh": 0.21,
    "priceFiftyTwoWeekLow": 0.073,
    "volumeAverage": 597440.988372,
    "cashFlow": -7.80908,
    "earningsPerShare": -0.00922,
    "freeCashFlowYield": -0.0000100000010000001,
    "priceEarningsRatio": -99999.99,
    "priceToCash": -99999.99,
    "foreignExempt": false,
    "shareDescription": "Ordinary Fully Paid",
    "numOfShares": 668793978,
    "yieldAnnual": 0,
    "incomeStatement": [
      {
        "revenue": 34180,
        "netIncome": -5811810,
        "period": "2022A",
        "fPeriodEndDate": 44742,
        "curCode": "AUD"
      },
      {
        "revenue": 4180,
        "netIncome": -8060640,
        "period": "2021A",
        "fPeriodEndDate": 44377,
        "curCode": "AUD"
      },
      {
        "revenue": 30530,
        "netIncome": -5908200,
        "period": "2020A",
        "fPeriodEndDate": 44012,
        "curCode": "AUD"
      },
      {
        "revenue": 66170,
        "netIncome": -2944500,
        "period": "2019A",
        "fPeriodEndDate": 43646,
        "curCode": "AUD"
      }
    ]
  },
  {
    "symbol": "AGN",
    "displayName": "ARGENICA THERAPEUTICS LIMITED",
    "industry": "Pharmaceuticals, Biotechnology & Life Sciences",
    "dateListed": "2021-06-11",
    "marketCap": 48241849,
    "xid": "658057613",
    "priceChangeFiveDayPercent": -16.10169491525423,
    "isRecentListing": false,
    "priceAsk": 0.54,
    "priceBid": 0.49,
    "priceChange": -0.06000000000000005,
    "priceChangePercent": -10.81081081081082,
    "priceLast": 0.495,
    "sector": "Health Care",
    "industryGroup": "Pharmaceuticals, Biotechnology & Life Sciences",
    "securityType": 1,
    "volume": 256644,
    "statusCode": "",
    "isin": "AU0000150328",
    "priceClose": 0.555,
    "priceDayHigh": 0.555,
    "priceDayLow": 0.49,
    "priceFiftyTwoWeekHigh": 1.02,
    "priceFiftyTwoWeekLow": 0.35,
    "volumeAverage": 84687.044444,
    "cashFlow": -3.36167,
    "earningsPerShare": -0.05526,
    "freeCashFlowYield": -0.0000100000010000001,
    "priceEarningsRatio": -99999.99,
    "priceToCash": -99999.99,
    "foreignExempt": false,
    "shareDescription": "Ordinary Fully Paid",
    "numOfShares": 86922250,
    "yieldAnnual": 0,
    "incomeStatement": [
      {
        "revenue": 2500,
        "netIncome": -4090750,
        "period": "2022A",
        "fPeriodEndDate": 44742,
        "curCode": "AUD"
      },
      {
        "revenue": 200,
        "netIncome": -1029500,
        "period": "2021A",
        "fPeriodEndDate": 44377,
        "curCode": "AUD"
      },
      {
        "revenue": 250,
        "netIncome": -383400,
        "period": "2020A",
        "fPeriodEndDate": 44012,
        "curCode": "AUD"
      }
    ]
  },
  {
    "symbol": "ARX",
    "displayName": "AROA BIOSURGERY LIMITED",
    "industry": "Pharmaceuticals, Biotechnology & Life Sciences",
    "dateListed": "2020-07-24",
    "marketCap": 359860418,
    "xid": "607132612",
    "priceChangeFiveDayPercent": 9.278350515463925,
    "isRecentListing": false,
    "priceAsk": 1.06,
    "priceBid": 1.02,
    "priceChange": 0.010000000000000009,
    "priceChangePercent": 0.9523809523809532,
    "priceLast": 1.06,
    "sector": "Health Care",
    "industryGroup": "Pharmaceuticals, Biotechnology & Life Sciences",
    "securityType": 1,
    "volume": 258569,
    "statusCode": "",
    "isin": "NZARXE0001S1",
    "priceClose": 1.05,
    "priceDayHigh": 1.06,
    "priceDayLow": 1.01,
    "priceFiftyTwoWeekHigh": 1.18,
    "priceFiftyTwoWeekLow": 0.615,
    "volumeAverage": 270245.318681,
    "cashFlow": -15.12966,
    "earningsPerShare": -0.023,
    "freeCashFlowYield": -0.0000100000010000001,
    "priceEarningsRatio": -99999.99,
    "priceToCash": -99999.99,
    "foreignExempt": false,
    "shareDescription": "Ordinary Fully Paid",
    "numOfShares": 342724208,
    "yieldAnnual": 0,
    "incomeStatement": [
      {
        "revenue": 39680000,
        "netIncome": -8386000,
        "period": "2022A",
        "fPeriodEndDate": 44651,
        "curCode": "NZD"
      },
      {
        "revenue": 22342000,
        "netIncome": -19209000,
        "period": "2021A",
        "fPeriodEndDate": 44286,
        "curCode": "NZD"
      },
      {
        "revenue": 25076000,
        "netIncome": -5958000,
        "period": "2020A",
        "fPeriodEndDate": 43921,
        "curCode": "NZD"
      },
      {
        "revenue": 23315000,
        "netIncome": 960000,
        "period": "2019A",
        "fPeriodEndDate": 43555,
        "curCode": "NZD"
      }
    ]
  },
  {
    "symbol": "ALA",
    "displayName": "AROVELLA THERAPEUTICS LIMITED",
    "industry": "Pharmaceuticals, Biotechnology & Life Sciences",
    "dateListed": "2002-01-24",
    "marketCap": 16100419,
    "xid": "98538",
    "priceChangeFiveDayPercent": 4.1666666666666705,
    "isRecentListing": false,
    "priceAsk": 0.025,
    "priceBid": 0.023,
    "priceChange": 0.0010000000000000009,
    "priceChangePercent": 4.1666666666666705,
    "priceLast": 0.025,
    "sector": "Health Care",
    "industryGroup": "Pharmaceuticals, Biotechnology & Life Sciences",
    "securityType": 1,
    "volume": 1404990,
    "statusCode": "",
    "isin": "AU0000182784",
    "priceClose": 0.024,
    "priceDayHigh": 0.025,
    "priceDayLow": 0.023,
    "priceFiftyTwoWeekHigh": 0.055,
    "priceFiftyTwoWeekLow": 0.02,
    "volumeAverage": 1018595.483146,
    "cashFlow": -6.83425,
    "earningsPerShare": -0.01576,
    "freeCashFlowYield": -0.0000100000010000001,
    "priceEarningsRatio": -99999.99,
    "priceToCash": -99999.99,
    "foreignExempt": false,
    "shareDescription": "Ordinary Fully Paid",
    "numOfShares": 670850808,
    "yieldAnnual": 0,
    "incomeStatement": [
      {
        "revenue": 299660,
        "netIncome": -8620590,
        "period": "2022A",
        "fPeriodEndDate": 44742,
        "curCode": "AUD"
      },
      {
        "revenue": 263890,
        "netIncome": -5047470,
        "period": "2021A",
        "fPeriodEndDate": 44377,
        "curCode": "AUD"
      },
      {
        "revenue": 576200,
        "netIncome": -9935600,
        "period": "2020A",
        "fPeriodEndDate": 44012,
        "curCode": "AUD"
      },
      {
        "revenue": 1249890,
        "netIncome": -7795040,
        "period": "2019A",
        "fPeriodEndDate": 43646,
        "curCode": "AUD"
      }
    ]
  },
  {
    "symbol": "AC8",
    "displayName": "AUSCANN GROUP HOLDINGS LTD",
    "industry": "Pharmaceuticals, Biotechnology & Life Sciences",
    "dateListed": "1989-05-03",
    "marketCap": -1,
    "xid": "35330405",
    "priceChangeFiveDayPercent": 0,
    "isRecentListing": false,
    "priceChange": 0,
    "priceChangePercent": 0,
    "priceLast": 0.04,
    "sector": "Health Care",
    "industryGroup": "Pharmaceuticals, Biotechnology & Life Sciences",
    "securityType": 1,
    "volume": 0,
    "statusCode": "",
    "isin": "AU000000AC89",
    "priceClose": 0.04,
    "priceFiftyTwoWeekHigh": 0.098,
    "priceFiftyTwoWeekLow": 0.035,
    "volumeAverage": 155530.8125,
    "cashFlow": -2.91568,
    "earningsPerShare": -0.05674,
    "freeCashFlowYield": -0.0000100000010000001,
    "priceEarningsRatio": -99999.99,
    "priceToCash": -99999.99,
    "foreignExempt": false,
    "shareDescription": "Ordinary Fully Paid",
    "numOfShares": 440547110,
    "yieldAnnual": 0,
    "incomeStatement": [
      {
        "revenue": 1640310,
        "netIncome": -26357780,
        "period": "2022A",
        "fPeriodEndDate": 44742,
        "curCode": "AUD"
      },
      {
        "revenue": 1823530,
        "netIncome": -8641390,
        "period": "2021A",
        "fPeriodEndDate": 44377,
        "curCode": "AUD"
      },
      {
        "revenue": 388530,
        "netIncome": -7076210,
        "period": "2020A",
        "fPeriodEndDate": 44012,
        "curCode": "AUD"
      },
      {
        "revenue": 861770,
        "netIncome": -7649220,
        "period": "2019A",
        "fPeriodEndDate": 43646,
        "curCode": "AUD"
      }
    ]
  },
  {
    "symbol": "AVE",
    "displayName": "AVECHO BIOTECHNOLOGY LIMITED",
    "industry": "Pharmaceuticals, Biotechnology & Life Sciences",
    "dateListed": "1993-08-09",
    "marketCap": 16540824,
    "xid": "232083",
    "priceChangeFiveDayPercent": 1.927470528863119e-14,
    "isRecentListing": false,
    "priceAsk": 0.01,
    "priceBid": 0.008,
    "priceChange": 0,
    "priceChangePercent": 0,
    "priceLast": 0.009000000000000001,
    "sector": "Health Care",
    "industryGroup": "Pharmaceuticals, Biotechnology & Life Sciences",
    "securityType": 1,
    "volume": 0,
    "statusCode": "",
    "isin": "AU0000047441",
    "priceClose": 0.009000000000000001,
    "priceFiftyTwoWeekHigh": 0.023,
    "priceFiftyTwoWeekLow": 0.008,
    "volumeAverage": 520433.369863,
    "cashFlow": -1.55208,
    "earningsPerShare": -0.00133,
    "freeCashFlowYield": -0.0000100000010000001,
    "priceEarningsRatio": -99999.99,
    "priceToCash": -99999.99,
    "foreignExempt": false,
    "shareDescription": "Ordinary Fully Paid",
    "numOfShares": 1837869344,
    "yieldAnnual": 0,
    "incomeStatement": [
      {
        "revenue": 793600,
        "netIncome": -3416120,
        "period": "2021A",
        "fPeriodEndDate": 44561,
        "curCode": "AUD"
      },
      {
        "revenue": 384630,
        "netIncome": -2634850,
        "period": "2020A",
        "fPeriodEndDate": 44196,
        "curCode": "AUD"
      },
      {
        "revenue": 4238110,
        "netIncome": 849960,
        "period": "2019A",
        "fPeriodEndDate": 43830,
        "curCode": "AUD"
      },
      {
        "revenue": 1394280,
        "netIncome": -3991020,
        "period": "2018A",
        "fPeriodEndDate": 43465,
        "curCode": "AUD"
      }
    ]
  },
  {
    "symbol": "AVH",
    "displayName": "AVITA MEDICAL INC.",
    "industry": "Pharmaceuticals, Biotechnology & Life Sciences",
    "dateListed": "2020-06-24",
    "marketCap": 262824471,
    "xid": "71433",
    "priceChangeFiveDayPercent": -4.888888888888883,
    "isRecentListing": false,
    "priceAsk": 2.14,
    "priceBid": 2.08,
    "priceChange": 0.040000000000000036,
    "priceChangePercent": 1.9047619047619064,
    "priceLast": 2.14,
    "sector": "Health Care",
    "industryGroup": "Pharmaceuticals, Biotechnology & Life Sciences",
    "securityType": 1,
    "volume": 251910,
    "statusCode": "",
    "isin": "AU000000AVH4",
    "priceClose": 2.1,
    "priceDayHigh": 2.15,
    "priceDayLow": 2.06,
    "priceFiftyTwoWeekHigh": 4.19,
    "priceFiftyTwoWeekLow": 1.28,
    "volumeAverage": 279723.186813,
    "cashFlow": -31.9611,
    "earningsPerShare": -0.0288,
    "freeCashFlowYield": -0.0000100000010000001,
    "priceEarningsRatio": -99999.99,
    "priceToCash": -99999.99,
    "foreignExempt": false,
    "shareDescription": "Chess Depositary Interests 5:1",
    "numOfShares": 125154510,
    "yieldAnnual": 0,
    "incomeStatement": [
      {
        "revenue": 8162090,
        "netIncome": -35160230,
        "period": "2019A",
        "fPeriodEndDate": 43646,
        "curCode": "AUD"
      },
      {
        "revenue": 1267480,
        "netIncome": -16519160,
        "period": "2018A",
        "fPeriodEndDate": 43281,
        "curCode": "AUD"
      },
      {
        "revenue": 1304340,
        "netIncome": -11511020,
        "period": "2017A",
        "fPeriodEndDate": 42916,
        "curCode": "AUD"
      },
      {
        "revenue": 1112370,
        "netIncome": -7778020,
        "period": "2016A",
        "fPeriodEndDate": 42551,
        "curCode": "AUD"
      }
    ]
  },
  {
    "symbol": "BDX",
    "displayName": "BCAL DIAGNOSTICS LIMITED",
    "industry": "Pharmaceuticals, Biotechnology & Life Sciences",
    "dateListed": "2021-07-21",
    "marketCap": 14801065,
    "xid": "666898904",
    "priceChangeFiveDayPercent": 0,
    "isRecentListing": false,
    "priceAsk": 0.08600000000000001,
    "priceBid": 0.061,
    "priceChange": 0,
    "priceChangePercent": 0,
    "priceLast": 0.07,
    "sector": "Health Care",
    "industryGroup": "Pharmaceuticals, Biotechnology & Life Sciences",
    "securityType": 1,
    "volume": 0,
    "statusCode": "",
    "isin": "AU0000160921",
    "priceClose": 0.07,
    "priceFiftyTwoWeekHigh": 0.155,
    "priceFiftyTwoWeekLow": 0.059,
    "volumeAverage": 128580.075,
    "cashFlow": -3.24508,
    "earningsPerShare": -0.01694,
    "freeCashFlowYield": -0.0000100000010000001,
    "priceEarningsRatio": -99999.99,
    "priceToCash": -99999.99,
    "foreignExempt": false,
    "shareDescription": "Ordinary Fully Paid",
    "numOfShares": 211443781,
    "yieldAnnual": 0,
    "incomeStatement": [
      {
        "revenue": 700030,
        "netIncome": -3385490,
        "period": "2022A",
        "fPeriodEndDate": 44742,
        "curCode": "AUD"
      },
      {
        "revenue": 275000,
        "netIncome": -1524970,
        "period": "2021A",
        "fPeriodEndDate": 44377,
        "curCode": "AUD"
      },
      {
        "revenue": 441590,
        "netIncome": -696360,
        "period": "2020A",
        "fPeriodEndDate": 44012,
        "curCode": "AUD"
      },
      {
        "revenue": 256530,
        "netIncome": -429960,
        "period": "2019A",
        "fPeriodEndDate": 43646,
        "curCode": "AUD"
      }
    ]
  },
  {
    "symbol": "BNO",
    "displayName": "BIONOMICS LIMITED",
    "industry": "Pharmaceuticals, Biotechnology & Life Sciences",
    "dateListed": "1999-12-21",
    "marketCap": 88124125,
    "xid": "63926",
    "priceChangeFiveDayPercent": -13.23529411764706,
    "isRecentListing": false,
    "priceAsk": 0.067,
    "priceBid": 0.059000000000000004,
    "priceChange": -0.000999999999999994,
    "priceChangePercent": -1.6666666666666567,
    "priceLast": 0.059000000000000004,
    "sector": "Health Care",
    "industryGroup": "Pharmaceuticals, Biotechnology & Life Sciences",
    "securityType": 1,
    "volume": 98961,
    "statusCode": "",
    "isin": "AU000000BNO5",
    "priceClose": 0.06,
    "priceDayHigh": 0.06,
    "priceDayLow": 0.058,
    "priceFiftyTwoWeekHigh": 0.14,
    "priceFiftyTwoWeekLow": 0.044,
    "volumeAverage": 322464.136364,
    "cashFlow": -21.75703,
    "earningsPerShare": -0.01943,
    "freeCashFlowYield": -0.0000100000010000001,
    "priceEarningsRatio": -99999.99,
    "priceToCash": -99999.99,
    "foreignExempt": false,
    "shareDescription": "Ordinary Fully Paid",
    "numOfShares": 1468735424,
    "yieldAnnual": 0,
    "incomeStatement": [
      {
        "revenue": 263630,
        "netIncome": -21759360,
        "period": "2022A",
        "fPeriodEndDate": 44742,
        "curCode": "AUD"
      },
      {
        "revenue": 0,
        "netIncome": -8697040,
        "period": "2021A",
        "fPeriodEndDate": 44377,
        "curCode": "AUD"
      },
      {
        "revenue": 46660,
        "netIncome": -7118290,
        "period": "2020A",
        "fPeriodEndDate": 44012,
        "curCode": "AUD"
      },
      {
        "revenue": 906120,
        "netIncome": -10361570,
        "period": "2019A",
        "fPeriodEndDate": 43646,
        "curCode": "AUD"
      }
    ]
  },
  {
    "symbol": "BIT",
    "displayName": "BIOTRON LIMITED",
    "industry": "Pharmaceuticals, Biotechnology & Life Sciences",
    "dateListed": "2001-01-24",
    "marketCap": 25269578,
    "xid": "61665",
    "priceChangeFiveDayPercent": 19.354838709677416,
    "isRecentListing": false,
    "priceAsk": 0.038,
    "priceBid": 0.036000000000000004,
    "priceChange": 0.000999999999999994,
    "priceChangePercent": 2.777777777777761,
    "priceLast": 0.037,
    "sector": "Health Care",
    "industryGroup": "Pharmaceuticals, Biotechnology & Life Sciences",
    "securityType": 1,
    "volume": 31119,
    "statusCode": "",
    "isin": "AU000000BIT4",
    "priceClose": 0.036000000000000004,
    "priceDayHigh": 0.039,
    "priceDayLow": 0.037,
    "priceFiftyTwoWeekHigh": 0.11138,
    "priceFiftyTwoWeekLow": 0.031,
    "volumeAverage": 857314.888771,
    "cashFlow": -2.43605,
    "earningsPerShare": -0.00384,
    "freeCashFlowYield": -0.0000100000010000001,
    "priceEarningsRatio": -99999.99,
    "priceToCash": -99999.99,
    "foreignExempt": false,
    "shareDescription": "Ordinary Fully Paid",
    "numOfShares": 701932713,
    "yieldAnnual": 0,
    "incomeStatement": [
      {
        "revenue": 1558530,
        "netIncome": -2781080,
        "period": "2022A",
        "fPeriodEndDate": 44742,
        "curCode": "AUD"
      },
      {
        "revenue": 1461950,
        "netIncome": -3194350,
        "period": "2021A",
        "fPeriodEndDate": 44377,
        "curCode": "AUD"
      },
      {
        "revenue": 803030,
        "netIncome": -3575960,
        "period": "2020A",
        "fPeriodEndDate": 44012,
        "curCode": "AUD"
      },
      {
        "revenue": 1072830,
        "netIncome": -1611800,
        "period": "2019A",
        "fPeriodEndDate": 43646,
        "curCode": "AUD"
      }
    ]
  },
  {
    "symbol": "BITNE",
    "displayName": "BIOTRON LIMITED",
    "industry": "Pharmaceuticals, Biotechnology & Life Sciences",
    "dateListed": "2001-01-24",
    "marketCap": 25269578,
    "xid": "766255172",
    "priceChangeFiveDayPercent": 0,
    "isRecentListing": false,
    "priceChange": 0,
    "priceChangePercent": 0,
    "priceLast": 0,
    "sector": "Health Care",
    "industryGroup": "Pharmaceuticals, Biotechnology & Life Sciences",
    "securityType": 1,
    "volume": 0,
    "statusCode": "",
    "isin": "AU0000248668",
    "priceClose": 0,
    "priceFiftyTwoWeekHigh": 0,
    "priceFiftyTwoWeekLow": 0,
    "cashFlow": -2.43605,
    "earningsPerShare": -0.00384,
    "freeCashFlowYield": -0.0000100000010000001,
    "priceEarningsRatio": -99999.99,
    "priceToCash": -99999.99,
    "foreignExempt": false,
    "shareDescription": "Ordinary Fully Paid Deferred",
    "numOfShares": 701932713,
    "yieldAnnual": -32768,
    "incomeStatement": [
      {
        "revenue": 1558530,
        "netIncome": -2781080,
        "period": "2022A",
        "fPeriodEndDate": 44742,
        "curCode": "AUD"
      },
      {
        "revenue": 1461950,
        "netIncome": -3194350,
        "period": "2021A",
        "fPeriodEndDate": 44377,
        "curCode": "AUD"
      },
      {
        "revenue": 803030,
        "netIncome": -3575960,
        "period": "2020A",
        "fPeriodEndDate": 44012,
        "curCode": "AUD"
      },
      {
        "revenue": 1072830,
        "netIncome": -1611800,
        "period": "2019A",
        "fPeriodEndDate": 43646,
        "curCode": "AUD"
      }
    ]
  },
  {
    "symbol": "BOT",
    "displayName": "BOTANIX PHARMACEUTICALS LTD",
    "industry": "Pharmaceuticals, Biotechnology & Life Sciences",
    "dateListed": "1985-01-24",
    "marketCap": 73406729,
    "xid": "63746",
    "priceChangeFiveDayPercent": 1.612903225806453,
    "isRecentListing": false,
    "priceAsk": 0.064,
    "priceBid": 0.063,
    "priceChange": -0.0005000000000000004,
    "priceChangePercent": -0.7874015748031503,
    "priceLast": 0.063,
    "sector": "Health Care",
    "industryGroup": "Pharmaceuticals, Biotechnology & Life Sciences",
    "securityType": 1,
    "volume": 385425,
    "statusCode": "",
    "isin": "AU000000BOT2",
    "priceClose": 0.0635,
    "priceDayHigh": 0.064,
    "priceDayLow": 0.063,
    "priceFiftyTwoWeekHigh": 0.095,
    "priceFiftyTwoWeekLow": 0.053,
    "volumeAverage": 833477.174419,
    "cashFlow": -14.10593,
    "earningsPerShare": -0.01353,
    "freeCashFlowYield": -0.0000100000010000001,
    "priceEarningsRatio": -99999.99,
    "priceToCash": -99999.99,
    "foreignExempt": false,
    "shareDescription": "Ordinary Fully Paid",
    "numOfShares": 1156011477,
    "yieldAnnual": 0,
    "incomeStatement": [
      {
        "revenue": 37370,
        "netIncome": -13170750,
        "period": "2022A",
        "fPeriodEndDate": 44742,
        "curCode": "AUD"
      },
      {
        "revenue": 103790,
        "netIncome": -3334000,
        "period": "2021A",
        "fPeriodEndDate": 44377,
        "curCode": "AUD"
      },
      {
        "revenue": 170580,
        "netIncome": -16730710,
        "period": "2020A",
        "fPeriodEndDate": 44012,
        "curCode": "AUD"
      },
      {
        "revenue": 194810,
        "netIncome": -17039210,
        "period": "2019A",
        "fPeriodEndDate": 43646,
        "curCode": "AUD"
      }
    ]
  },
  {
    "symbol": "BPH",
    "displayName": "BPH ENERGY LTD",
    "industry": "Pharmaceuticals, Biotechnology & Life Sciences",
    "dateListed": "2004-08-06",
    "marketCap": 30207265,
    "xid": "65011",
    "priceChangeFiveDayPercent": 52.38095238095237,
    "isRecentListing": false,
    "priceAsk": 0.033,
    "priceBid": 0.032,
    "priceChange": -0.0030000000000000027,
    "priceChangePercent": -8.571428571428578,
    "priceLast": 0.032,
    "sector": "Health Care",
    "industryGroup": "Pharmaceuticals, Biotechnology & Life Sciences",
    "securityType": 1,
    "volume": 55308642,
    "statusCode": "",
    "isin": "AU000000BPH4",
    "priceClose": 0.035,
    "priceDayHigh": 0.037,
    "priceDayLow": 0.03,
    "priceFiftyTwoWeekHigh": 0.06085,
    "priceFiftyTwoWeekLow": 0.00982,
    "volumeAverage": 13186136.457297,
    "cashFlow": -1.02212,
    "earningsPerShare": -0.00155,
    "freeCashFlowYield": -0.0000100000010000001,
    "priceEarningsRatio": -99999.99,
    "priceToCash": -99999.99,
    "foreignExempt": false,
    "shareDescription": "Ordinary Fully Paid",
    "numOfShares": 863064700,
    "yieldAnnual": 0,
    "incomeStatement": [
      {
        "revenue": 154700,
        "netIncome": -1078450,
        "period": "2022A",
        "fPeriodEndDate": 44742,
        "curCode": "AUD"
      },
      {
        "revenue": 65510,
        "netIncome": -1611860,
        "period": "2021A",
        "fPeriodEndDate": 44377,
        "curCode": "AUD"
      },
      {
        "revenue": 240240,
        "netIncome": 1121800,
        "period": "2020A",
        "fPeriodEndDate": 44012,
        "curCode": "AUD"
      },
      {
        "revenue": 278230,
        "netIncome": -3012800,
        "period": "2019A",
        "fPeriodEndDate": 43646,
        "curCode": "AUD"
      }
    ]
  },
  {
    "symbol": "CGB",
    "displayName": "CANN GLOBAL LIMITED",
    "industry": "Pharmaceuticals, Biotechnology & Life Sciences",
    "dateListed": "2008-01-14",
    "marketCap": -1,
    "xid": "9390151",
    "priceChangeFiveDayPercent": 0,
    "isRecentListing": false,
    "priceChange": 0,
    "priceChangePercent": 0,
    "priceLast": 0.021,
    "sector": "Health Care",
    "industryGroup": "Pharmaceuticals, Biotechnology & Life Sciences",
    "securityType": 1,
    "volume": 0,
    "statusCode": "RE",
    "isin": "AU0000038085",
    "priceClose": 0.021,
    "priceFiftyTwoWeekHigh": 0.0875,
    "priceFiftyTwoWeekLow": 0.017,
    "volumeAverage": 315611.895833,
    "cashFlow": -2.7504,
    "earningsPerShare": -0.03226,
    "freeCashFlowYield": -0.0000100000010000001,
    "priceEarningsRatio": -99999.99,
    "priceToCash": -99999.99,
    "foreignExempt": false,
    "shareDescription": "Ordinary Fully Paid",
    "numOfShares": 258873557,
    "yieldAnnual": 0,
    "incomeStatement": [
      {
        "revenue": 562340,
        "netIncome": -8217970,
        "period": "2022A",
        "fPeriodEndDate": 44742,
        "curCode": "AUD"
      },
      {
        "revenue": 1488030,
        "netIncome": -4621370,
        "period": "2021A",
        "fPeriodEndDate": 44377,
        "curCode": "AUD"
      },
      {
        "revenue": 1929730,
        "netIncome": -8012140,
        "period": "2020A",
        "fPeriodEndDate": 44012,
        "curCode": "AUD"
      },
      {
        "revenue": 603930,
        "netIncome": -6434940,
        "period": "2019A",
        "fPeriodEndDate": 43646,
        "curCode": "AUD"
      }
    ]
  },
  {
    "symbol": "CAN",
    "displayName": "CANN GROUP LIMITED",
    "industry": "Pharmaceuticals, Biotechnology & Life Sciences",
    "dateListed": "2017-05-04",
    "marketCap": 82568472,
    "xid": "408163674",
    "priceChangeFiveDayPercent": 2.1739130434782625,
    "isRecentListing": false,
    "priceAsk": 0.24,
    "priceBid": 0.23,
    "priceChange": 0,
    "priceChangePercent": 0,
    "priceLast": 0.23500000000000001,
    "sector": "Health Care",
    "industryGroup": "Pharmaceuticals, Biotechnology & Life Sciences",
    "securityType": 1,
    "volume": 354624,
    "statusCode": "",
    "isin": "AU000000CAN2",
    "priceClose": 0.23500000000000001,
    "priceDayHigh": 0.23500000000000001,
    "priceDayLow": 0.23,
    "priceFiftyTwoWeekHigh": 0.435,
    "priceFiftyTwoWeekLow": 0.225,
    "volumeAverage": 302465.868132,
    "cashFlow": -65.597,
    "earningsPerShare": -0.07667,
    "freeCashFlowYield": -0.0000100000010000001,
    "priceEarningsRatio": -99999.99,
    "priceToCash": -99999.99,
    "foreignExempt": false,
    "shareDescription": "Ordinary Fully Paid",
    "numOfShares": 351355198,
    "yieldAnnual": 0,
    "incomeStatement": [
      {
        "revenue": 6718000,
        "netIncome": -26468000,
        "period": "2022A",
        "fPeriodEndDate": 44742,
        "curCode": "AUD"
      },
      {
        "revenue": 4334000,
        "netIncome": -25103000,
        "period": "2021A",
        "fPeriodEndDate": 44377,
        "curCode": "AUD"
      },
      {
        "revenue": 910580,
        "netIncome": -16937390,
        "period": "2020A",
        "fPeriodEndDate": 44012,
        "curCode": "AUD"
      },
      {
        "revenue": 2347670,
        "netIncome": -10926320,
        "period": "2019A",
        "fPeriodEndDate": 43646,
        "curCode": "AUD"
      }
    ]
  },
  {
    "symbol": "CHM",
    "displayName": "CHIMERIC THERAPEUTICS LIMITED",
    "industry": "Pharmaceuticals, Biotechnology & Life Sciences",
    "dateListed": "2021-01-18",
    "marketCap": 39033405,
    "xid": "631611480",
    "priceChangeFiveDayPercent": 9.999999999999993,
    "isRecentListing": false,
    "priceAsk": 0.09,
    "priceBid": 0.088,
    "priceChange": -0.0020000000000000018,
    "priceChangePercent": -2.222222222222224,
    "priceLast": 0.088,
    "sector": "Health Care",
    "industryGroup": "Pharmaceuticals, Biotechnology & Life Sciences",
    "securityType": 1,
    "volume": 473199,
    "statusCode": "",
    "isin": "AU0000121576",
    "priceClose": 0.09,
    "priceDayHigh": 0.092,
    "priceDayLow": 0.088,
    "priceFiftyTwoWeekHigh": 0.28917,
    "priceFiftyTwoWeekLow": 0.076,
    "volumeAverage": 398014.761364,
    "cashFlow": -13.69075,
    "earningsPerShare": -0.04463,
    "freeCashFlowYield": -0.0000100000010000001,
    "priceEarningsRatio": -99999.99,
    "priceToCash": -99999.99,
    "foreignExempt": false,
    "shareDescription": "Ordinary Fully Paid",
    "numOfShares": 433704499,
    "yieldAnnual": 0,
    "incomeStatement": [
      {
        "revenue": 0,
        "netIncome": -15898400,
        "period": "2022A",
        "fPeriodEndDate": 44742,
        "curCode": "AUD"
      },
      {
        "revenue": 0,
        "netIncome": -15113710,
        "period": "2021A",
        "fPeriodEndDate": 44377,
        "curCode": "AUD"
      },
      {
        "revenue": 0,
        "netIncome": -64010,
        "period": "2020A",
        "fPeriodEndDate": 44012,
        "curCode": "AUD"
      }
    ]
  },
  {
    "symbol": "CU6",
    "displayName": "CLARITY PHARMACEUTICALS LTD",
    "industry": "Pharmaceuticals, Biotechnology & Life Sciences",
    "dateListed": "2021-08-25",
    "marketCap": 259262516,
    "xid": "670959145",
    "priceChangeFiveDayPercent": 7.0652173913043415,
    "isRecentListing": false,
    "priceAsk": 0.985,
    "priceBid": 0.98,
    "priceChange": -0.015000000000000013,
    "priceChangePercent": -1.5000000000000013,
    "priceLast": 0.985,
    "sector": "Health Care",
    "industryGroup": "Pharmaceuticals, Biotechnology & Life Sciences",
    "securityType": 1,
    "volume": 97105,
    "statusCode": "",
    "isin": "AU0000165375",
    "priceClose": 1,
    "priceDayHigh": 1.05,
    "priceDayLow": 0.98,
    "priceFiftyTwoWeekHigh": 1.05,
    "priceFiftyTwoWeekLow": 0.36,
    "volumeAverage": 108925.230769,
    "cashFlow": -13.52707,
    "earningsPerShare": -0.09658,
    "freeCashFlowYield": -0.0000100000010000001,
    "priceEarningsRatio": -99999.99,
    "priceToCash": -99999.99,
    "foreignExempt": false,
    "shareDescription": "Ordinary Fully Paid",
    "numOfShares": 259262516,
    "yieldAnnual": 0,
    "incomeStatement": [
      {
        "revenue": 6554020,
        "netIncome": -23754580,
        "period": "2022A",
        "fPeriodEndDate": 44742,
        "curCode": "AUD"
      },
      {
        "revenue": 3288390,
        "netIncome": -10221370,
        "period": "2021A",
        "fPeriodEndDate": 44377,
        "curCode": "AUD"
      },
      {
        "revenue": 2898230,
        "netIncome": -6953860,
        "period": "2020A",
        "fPeriodEndDate": 44012,
        "curCode": "AUD"
      }
    ]
  },
  {
    "symbol": "CUV",
    "displayName": "CLINUVEL PHARMACEUTICALS LIMITED",
    "industry": "Pharmaceuticals, Biotechnology & Life Sciences",
    "dateListed": "2001-02-13",
    "marketCap": 924961527,
    "xid": "27486573",
    "priceChangeFiveDayPercent": -4.874294510005128,
    "isRecentListing": false,
    "priceAsk": 18.580000000000002,
    "priceBid": 18.17,
    "priceChange": -0.17999999999999972,
    "priceChangePercent": -0.9615384615384601,
    "priceLast": 18.54,
    "sector": "Health Care",
    "industryGroup": "Pharmaceuticals, Biotechnology & Life Sciences",
    "securityType": 1,
    "volume": 32509,
    "statusCode": "",
    "isin": "AU000000CUV3",
    "priceClose": 18.72,
    "priceDayHigh": 18.81,
    "priceDayLow": 18.13,
    "priceFiftyTwoWeekHigh": 30.96,
    "priceFiftyTwoWeekLow": 13.16,
    "volumeAverage": 146631.032967,
    "dateExDate": "2022-09-06",
    "datePayDate": "2022-09-21",
    "dateRecordDate": "2022-09-07",
    "dividend": 0.04,
    "dividendType": "F",
    "frankingPercent": 100,
    "cashFlow": 38.20257,
    "earningsPerShare": 0.39601,
    "freeCashFlowYield": 0.02339156663847983,
    "priceEarningsRatio": 47.27153,
    "priceToCash": 42.75045,
    "foreignExempt": false,
    "shareDescription": "Ordinary Fully Paid",
    "numOfShares": 49410338,
    "yieldAnnual": 0.2157497303128371,
    "incomeStatement": [
      {
        "revenue": 66166360,
        "netIncome": 20878470,
        "period": "2022A",
        "fPeriodEndDate": 44742,
        "curCode": "AUD"
      },
      {
        "revenue": 48317790,
        "netIncome": 24728250,
        "period": "2021A",
        "fPeriodEndDate": 44377,
        "curCode": "AUD"
      },
      {
        "revenue": 33128350,
        "netIncome": 15051200,
        "period": "2020A",
        "fPeriodEndDate": 44012,
        "curCode": "AUD"
      },
      {
        "revenue": 31612430,
        "netIncome": 18134160,
        "period": "2019A",
        "fPeriodEndDate": 43646,
        "curCode": "AUD"
      }
    ]
  },
  {
    "symbol": "CPH",
    "displayName": "CRESO PHARMA LIMITED",
    "industry": "Pharmaceuticals, Biotechnology & Life Sciences",
    "dateListed": "2016-10-20",
    "marketCap": 49570843,
    "xid": "367574066",
    "priceChangeFiveDayPercent": 0,
    "isRecentListing": false,
    "priceAsk": 0.024,
    "priceBid": 0.023,
    "priceChange": -0.004,
    "priceChangePercent": -14.814814814814817,
    "priceLast": 0.023,
    "sector": "Health Care",
    "industryGroup": "Pharmaceuticals, Biotechnology & Life Sciences",
    "securityType": 1,
    "volume": 30436017,
    "statusCode": "",
    "isin": "AU000000CPH2",
    "priceClose": 0.027,
    "priceDayHigh": 0.027,
    "priceDayLow": 0.023,
    "priceFiftyTwoWeekHigh": 0.105,
    "priceFiftyTwoWeekLow": 0.02,
    "volumeAverage": 6742219.192771,
    "cashFlow": -14.97066,
    "earningsPerShare": -0.01488,
    "freeCashFlowYield": -0.0000100000010000001,
    "priceEarningsRatio": -99999.99,
    "priceToCash": -99999.99,
    "foreignExempt": false,
    "shareDescription": "Ordinary Fully Paid",
    "numOfShares": 1835957156,
    "yieldAnnual": 0,
    "incomeStatement": [
      {
        "revenue": 6218560,
        "netIncome": -30030970,
        "period": "2021A",
        "fPeriodEndDate": 44561,
        "curCode": "AUD"
      },
      {
        "revenue": 2448080,
        "netIncome": -30779580,
        "period": "2020A",
        "fPeriodEndDate": 44196,
        "curCode": "AUD"
      },
      {
        "revenue": 3683520,
        "netIncome": -15054380,
        "period": "2019A",
        "fPeriodEndDate": 43830,
        "curCode": "AUD"
      },
      {
        "revenue": 702420,
        "netIncome": -16756040,
        "period": "2018A",
        "fPeriodEndDate": 43465,
        "curCode": "AUD"
      }
    ]
  },
  {
    "symbol": "CTE",
    "displayName": "CRYOSITE LIMITED",
    "industry": "Pharmaceuticals, Biotechnology & Life Sciences",
    "dateListed": "2002-05-09",
    "marketCap": 36607172,
    "xid": "82800",
    "priceChangeFiveDayPercent": 11.851851851851846,
    "isRecentListing": false,
    "priceAsk": 0.795,
    "priceBid": 0.76,
    "priceChange": 0.0050000000000000044,
    "priceChangePercent": 0.6666666666666673,
    "priceLast": 0.755,
    "sector": "Health Care",
    "industryGroup": "Pharmaceuticals, Biotechnology & Life Sciences",
    "securityType": 1,
    "volume": 5000,
    "statusCode": "",
    "isin": "AU000000CTE1",
    "priceClose": 0.75,
    "priceDayHigh": 0.755,
    "priceDayLow": 0.755,
    "priceFiftyTwoWeekHigh": 0.87,
    "priceFiftyTwoWeekLow": 0.34,
    "volumeAverage": 33008.25,
    "dateExDate": "2022-09-15",
    "datePayDate": "2022-10-14",
    "dateRecordDate": "2022-09-16",
    "dividend": 0.01,
    "dividendType": "F",
    "frankingPercent": 0,
    "cashFlow": 1.66042,
    "earningsPerShare": 0.02794,
    "freeCashFlowYield": 0.05266425850567274,
    "priceEarningsRatio": 26.84324,
    "priceToCash": 18.98821,
    "foreignExempt": false,
    "shareDescription": "Ordinary Fully Paid",
    "numOfShares": 48809563,
    "yieldAnnual": 1.3333333333333333,
    "incomeStatement": [
      {
        "revenue": 11756850,
        "netIncome": 1363830,
        "period": "2022A",
        "fPeriodEndDate": 44742,
        "curCode": "AUD"
      },
      {
        "revenue": 10023770,
        "netIncome": 652570,
        "period": "2021A",
        "fPeriodEndDate": 44377,
        "curCode": "AUD"
      },
      {
        "revenue": 9014180,
        "netIncome": 1480180,
        "period": "2020A",
        "fPeriodEndDate": 44012,
        "curCode": "AUD"
      },
      {
        "revenue": 7973190,
        "netIncome": -1722540,
        "period": "2019A",
        "fPeriodEndDate": 43646,
        "curCode": "AUD"
      }
    ]
  },
  {
    "symbol": "CSL",
    "displayName": "CSL LIMITED",
    "industry": "Pharmaceuticals, Biotechnology & Life Sciences",
    "dateListed": "1994-06-08",
    "marketCap": 143372518503,
    "xid": "82193",
    "priceChangeFiveDayPercent": 2.868002764340018,
    "isRecentListing": false,
    "priceAsk": 297.86,
    "priceBid": 297.5,
    "priceChange": 0.37999999999999545,
    "priceChangePercent": 0.12780842190232594,
    "priceLast": 297.7,
    "sector": "Health Care",
    "industryGroup": "Pharmaceuticals, Biotechnology & Life Sciences",
    "securityType": 1,
    "volume": 510644,
    "statusCode": "",
    "isin": "AU000000CSL8",
    "priceClose": 297.32,
    "priceDayHigh": 301.38,
    "priceDayLow": 296.91,
    "priceFiftyTwoWeekHigh": 319.78,
    "priceFiftyTwoWeekLow": 240.1,
    "volumeAverage": 710489.461538,
    "dateExDate": "2022-09-06",
    "datePayDate": "2022-10-05",
    "dateRecordDate": "2022-09-07",
    "dividend": 1.7583,
    "dividendType": "F",
    "frankingPercent": 10,
    "cashFlow": 513.118,
    "earningsPerShare": 7.3016,
    "freeCashFlowYield": 0.029281556513843295,
    "priceEarningsRatio": 40.67056,
    "priceToCash": 34.15119,
    "foreignExempt": false,
    "shareDescription": "Ordinary Fully Paid",
    "numOfShares": 482216193,
    "yieldAnnual": 1.0699582940939056,
    "incomeStatement": [
      {
        "revenue": 10561900000,
        "netIncome": 2254700000,
        "period": "2022A",
        "fPeriodEndDate": 44742,
        "curCode": "USD"
      },
      {
        "revenue": 10310000000,
        "netIncome": 2375000000,
        "period": "2021A",
        "fPeriodEndDate": 44377,
        "curCode": "USD"
      },
      {
        "revenue": 9150800000,
        "netIncome": 2102500000,
        "period": "2020A",
        "fPeriodEndDate": 44012,
        "curCode": "USD"
      },
      {
        "revenue": 8538600000,
        "netIncome": 1918700000,
        "period": "2019A",
        "fPeriodEndDate": 43646,
        "curCode": "USD"
      }
    ]
  },
  {
    "symbol": "CYP",
    "displayName": "CYNATA THERAPEUTICS LIMITED",
    "industry": "Pharmaceuticals, Biotechnology & Life Sciences",
    "dateListed": "2007-12-20",
    "marketCap": 49430425,
    "xid": "9071871",
    "priceChangeFiveDayPercent": 1.5860328923216522e-14,
    "isRecentListing": false,
    "priceAsk": 0.4,
    "priceBid": 0.34500000000000003,
    "priceChange": 0.0050000000000000044,
    "priceChangePercent": 1.4492753623188417,
    "priceLast": 0.35000000000000003,
    "sector": "Health Care",
    "industryGroup": "Pharmaceuticals, Biotechnology & Life Sciences",
    "securityType": 1,
    "volume": 19066,
    "statusCode": "",
    "isin": "AU000000CYP7",
    "priceClose": 0.34500000000000003,
    "priceDayHigh": 0.355,
    "priceDayLow": 0.35000000000000003,
    "priceFiftyTwoWeekHigh": 0.6,
    "priceFiftyTwoWeekLow": 0.28,
    "volumeAverage": 50412.297619,
    "cashFlow": -3.29833,
    "earningsPerShare": -0.03799,
    "freeCashFlowYield": -0.0000100000010000001,
    "priceEarningsRatio": -99999.99,
    "priceToCash": -99999.99,
    "foreignExempt": false,
    "shareDescription": "Ordinary Fully Paid",
    "numOfShares": 143276594,
    "yieldAnnual": 0,
    "incomeStatement": [
      {
        "revenue": 7000350,
        "netIncome": -5445170,
        "period": "2022A",
        "fPeriodEndDate": 44742,
        "curCode": "AUD"
      },
      {
        "revenue": 79710,
        "netIncome": -7689680,
        "period": "2021A",
        "fPeriodEndDate": 44377,
        "curCode": "AUD"
      },
      {
        "revenue": 65950,
        "netIncome": -3639100,
        "period": "2020A",
        "fPeriodEndDate": 44012,
        "curCode": "AUD"
      },
      {
        "revenue": 194530,
        "netIncome": -8472150,
        "period": "2019A",
        "fPeriodEndDate": 43646,
        "curCode": "AUD"
      }
    ]
  },
  {
    "symbol": "DXB",
    "displayName": "DIMERIX LIMITED",
    "industry": "Pharmaceuticals, Biotechnology & Life Sciences",
    "dateListed": "1993-02-04",
    "marketCap": 48131050,
    "xid": "51188069",
    "priceChangeFiveDayPercent": 6.896551724137938,
    "isRecentListing": false,
    "priceAsk": 0.16,
    "priceBid": 0.155,
    "priceChange": 0.0050000000000000044,
    "priceChangePercent": 3.3333333333333366,
    "priceLast": 0.155,
    "sector": "Health Care",
    "industryGroup": "Pharmaceuticals, Biotechnology & Life Sciences",
    "securityType": 1,
    "volume": 358779,
    "statusCode": "",
    "isin": "AU000000DXB7",
    "priceClose": 0.15,
    "priceDayHigh": 0.16,
    "priceDayLow": 0.15,
    "priceFiftyTwoWeekHigh": 0.29,
    "priceFiftyTwoWeekLow": 0.12,
    "volumeAverage": 164559.555556,
    "cashFlow": -13.44655,
    "earningsPerShare": -0.03668,
    "freeCashFlowYield": -0.0000100000010000001,
    "priceEarningsRatio": -99999.99,
    "priceToCash": -99999.99,
    "foreignExempt": false,
    "shareDescription": "Ordinary Fully Paid",
    "numOfShares": 320873666,
    "yieldAnnual": 0,
    "incomeStatement": [
      {
        "revenue": 2370,
        "netIncome": -10490580,
        "period": "2022A",
        "fPeriodEndDate": 44742,
        "curCode": "AUD"
      },
      {
        "revenue": 1510,
        "netIncome": -6371730,
        "period": "2021A",
        "fPeriodEndDate": 44377,
        "curCode": "AUD"
      },
      {
        "revenue": 2700,
        "netIncome": -4494150,
        "period": "2020A",
        "fPeriodEndDate": 44012,
        "curCode": "AUD"
      },
      {
        "revenue": 18110,
        "netIncome": -2886220,
        "period": "2019A",
        "fPeriodEndDate": 43646,
        "curCode": "AUD"
      }
    ]
  },
  {
    "symbol": "DLM",
    "displayName": "DOMINION MINERALS LIMITED",
    "industry": "Pharmaceuticals, Biotechnology & Life Sciences",
    "dateListed": "2004-03-19",
    "marketCap": 11744226,
    "xid": "681419315",
    "priceChangeFiveDayPercent": -1.8867924528301774,
    "isRecentListing": false,
    "priceAsk": 0.054,
    "priceBid": 0.052000000000000005,
    "priceChange": 0,
    "priceChangePercent": 0,
    "priceLast": 0.052000000000000005,
    "sector": "Materials",
    "industryGroup": "Materials",
    "securityType": 1,
    "volume": 421926,
    "statusCode": "",
    "isin": "AU0000184202",
    "priceClose": 0.052000000000000005,
    "priceDayHigh": 0.052000000000000005,
    "priceDayLow": 0.051000000000000004,
    "priceFiftyTwoWeekHigh": 0.095,
    "priceFiftyTwoWeekLow": 0.041,
    "volumeAverage": 115592.466667,
    "cashFlow": -1.4495,
    "earningsPerShare": -0.01005,
    "freeCashFlowYield": -0.0000100000010000001,
    "priceEarningsRatio": -99999.99,
    "priceToCash": -99999.99,
    "foreignExempt": false,
    "shareDescription": "Ordinary Fully Paid",
    "numOfShares": 225850500,
    "yieldAnnual": 0,
    "incomeStatement": [
      {
        "revenue": 5610,
        "netIncome": -1067340,
        "period": "2021A",
        "fPeriodEndDate": 44561,
        "curCode": "AUD"
      },
      {
        "revenue": 672810,
        "netIncome": 281990,
        "period": "2020A",
        "fPeriodEndDate": 44196,
        "curCode": "AUD"
      },
      {
        "revenue": 2494810,
        "netIncome": 1668550,
        "period": "2019A",
        "fPeriodEndDate": 43830,
        "curCode": "AUD"
      },
      {
        "revenue": 109140,
        "netIncome": -10956040,
        "period": "2018A",
        "fPeriodEndDate": 43465,
        "curCode": "AUD"
      }
    ]
  },
  {
    "symbol": "DVL",
    "displayName": "DORSAVI LTD",
    "industry": "Pharmaceuticals, Biotechnology & Life Sciences",
    "dateListed": "2013-12-11",
    "marketCap": 5655081,
    "xid": "70138536",
    "priceChangeFiveDayPercent": 1.3344026738283132e-14,
    "isRecentListing": false,
    "priceAsk": 0.015,
    "priceBid": 0.013000000000000001,
    "priceChange": 0,
    "priceChangePercent": 0,
    "priceLast": 0.013000000000000001,
    "sector": "Health Care",
    "industryGroup": "Health Care Equipment & Services",
    "securityType": 1,
    "volume": 0,
    "statusCode": "",
    "isin": "AU000000DVL0",
    "priceClose": 0.013000000000000001,
    "priceFiftyTwoWeekHigh": 0.02363,
    "priceFiftyTwoWeekLow": 0.00935,
    "volumeAverage": 436495.575303,
    "cashFlow": -2.25423,
    "earningsPerShare": -0.0043,
    "freeCashFlowYield": -0.0000100000010000001,
    "priceEarningsRatio": -99999.99,
    "priceToCash": -99999.99,
    "foreignExempt": false,
    "shareDescription": "Ordinary Fully Paid",
    "numOfShares": 435006246,
    "yieldAnnual": 0,
    "incomeStatement": [
      {
        "revenue": 2353150,
        "netIncome": -1536070,
        "period": "2022A",
        "fPeriodEndDate": 44742,
        "curCode": "AUD"
      },
      {
        "revenue": 1868980,
        "netIncome": -2412870,
        "period": "2021A",
        "fPeriodEndDate": 44377,
        "curCode": "AUD"
      },
      {
        "revenue": 2019220,
        "netIncome": -7593080,
        "period": "2020A",
        "fPeriodEndDate": 44012,
        "curCode": "AUD"
      },
      {
        "revenue": 2514990,
        "netIncome": -4020750,
        "period": "2019A",
        "fPeriodEndDate": 43646,
        "curCode": "AUD"
      }
    ]
  },
  {
    "symbol": "EOF",
    "displayName": "ECOFIBRE LIMITED",
    "industry": "Pharmaceuticals, Biotechnology & Life Sciences",
    "dateListed": "2019-03-29",
    "marketCap": 150162257,
    "xid": "519328839",
    "priceChangeFiveDayPercent": 21.818181818181817,
    "isRecentListing": false,
    "priceAsk": 0.38,
    "priceBid": 0.33,
    "priceChange": -0.09499999999999997,
    "priceChangePercent": -22.093023255813947,
    "priceLast": 0.335,
    "sector": "Health Care",
    "industryGroup": "Pharmaceuticals, Biotechnology & Life Sciences",
    "securityType": 1,
    "volume": 117960,
    "statusCode": "",
    "isin": "AU0000040057",
    "priceClose": 0.43,
    "priceDayHigh": 0.43,
    "priceDayLow": 0.325,
    "priceFiftyTwoWeekHigh": 0.69,
    "priceFiftyTwoWeekLow": 0.175,
    "volumeAverage": 51125.755814,
    "cashFlow": -13.387,
    "earningsPerShare": -0.04409,
    "freeCashFlowYield": -0.0000100000010000001,
    "priceEarningsRatio": -99999.99,
    "priceToCash": -99999.99,
    "foreignExempt": false,
    "shareDescription": "Ordinary Fully Paid",
    "numOfShares": 349214551,
    "yieldAnnual": 0,
    "incomeStatement": [
      {
        "revenue": 30220000,
        "netIncome": -14670000,
        "period": "2022A",
        "fPeriodEndDate": 44742,
        "curCode": "AUD"
      },
      {
        "revenue": 28793000,
        "netIncome": -6986000,
        "period": "2021A",
        "fPeriodEndDate": 44377,
        "curCode": "AUD"
      },
      {
        "revenue": 50717000,
        "netIncome": 13156000,
        "period": "2020A",
        "fPeriodEndDate": 44012,
        "curCode": "AUD"
      },
      {
        "revenue": 35605000,
        "netIncome": 6000000,
        "period": "2019A",
        "fPeriodEndDate": 43646,
        "curCode": "AUD"
      }
    ]
  },
  {
    "symbol": "ECS",
    "displayName": "ECS BOTANICS HOLDINGS LTD",
    "industry": "Pharmaceuticals, Biotechnology & Life Sciences",
    "dateListed": "1986-03-13",
    "marketCap": 22134613,
    "xid": "113640",
    "priceChangeFiveDayPercent": 0,
    "isRecentListing": false,
    "priceAsk": 0.022,
    "priceBid": 0.021,
    "priceChange": 0.0010000000000000009,
    "priceChangePercent": 5.000000000000004,
    "priceLast": 0.021,
    "sector": "Health Care",
    "industryGroup": "Pharmaceuticals, Biotechnology & Life Sciences",
    "securityType": 1,
    "volume": 2546338,
    "statusCode": "",
    "isin": "AU0000052490",
    "priceClose": 0.02,
    "priceDayHigh": 0.021,
    "priceDayLow": 0.019,
    "priceFiftyTwoWeekHigh": 0.034,
    "priceFiftyTwoWeekLow": 0.014,
    "volumeAverage": 1259384.011111,
    "cashFlow": -7.63239,
    "earningsPerShare": -0.0014,
    "freeCashFlowYield": -0.0000100000010000001,
    "priceEarningsRatio": -99999.99,
    "priceToCash": -99999.99,
    "foreignExempt": false,
    "shareDescription": "Ordinary Fully Paid",
    "numOfShares": 1106730667,
    "yieldAnnual": 0,
    "incomeStatement": [
      {
        "revenue": 7180460,
        "netIncome": -1115440,
        "period": "2022A",
        "fPeriodEndDate": 44742,
        "curCode": "AUD"
      },
      {
        "revenue": 1375050,
        "netIncome": -4335570,
        "period": "2021A",
        "fPeriodEndDate": 44377,
        "curCode": "AUD"
      },
      {
        "revenue": 919130,
        "netIncome": -4569470,
        "period": "2020A",
        "fPeriodEndDate": 44012,
        "curCode": "AUD"
      },
      {
        "revenue": 26550,
        "netIncome": -846760,
        "period": "2019A",
        "fPeriodEndDate": 43646,
        "curCode": "AUD"
      }
    ]
  },
  {
    "symbol": "EPN",
    "displayName": "EPSILON HEALTHCARE LIMITED",
    "industry": "Pharmaceuticals, Biotechnology & Life Sciences",
    "dateListed": "2017-05-04",
    "marketCap": 8109558,
    "xid": "406187694",
    "priceChangeFiveDayPercent": 7.6923076923077,
    "isRecentListing": false,
    "priceAsk": 0.031,
    "priceBid": 0.028,
    "priceChange": 0.0010000000000000009,
    "priceChangePercent": 3.703703703703707,
    "priceLast": 0.028,
    "sector": "Health Care",
    "industryGroup": "Pharmaceuticals, Biotechnology & Life Sciences",
    "securityType": 1,
    "volume": 27378,
    "statusCode": "",
    "isin": "AU0000137598",
    "priceClose": 0.027,
    "priceDayHigh": 0.031,
    "priceDayLow": 0.028,
    "priceFiftyTwoWeekHigh": 0.12,
    "priceFiftyTwoWeekLow": 0.019,
    "volumeAverage": 498811.361446,
    "cashFlow": -3.69059,
    "earningsPerShare": -0.06153,
    "freeCashFlowYield": -0.0000100000010000001,
    "priceEarningsRatio": -99999.99,
    "priceToCash": -99999.99,
    "foreignExempt": false,
    "shareDescription": "Ordinary Fully Paid",
    "numOfShares": 300354011,
    "yieldAnnual": 0,
    "incomeStatement": [
      {
        "revenue": 5498150,
        "netIncome": -9243180,
        "period": "2021A",
        "fPeriodEndDate": 44561,
        "curCode": "AUD"
      },
      {
        "revenue": 6953290,
        "netIncome": -10535050,
        "period": "2020A",
        "fPeriodEndDate": 44196,
        "curCode": "AUD"
      },
      {
        "revenue": 4792260,
        "netIncome": -11703510,
        "period": "2019A",
        "fPeriodEndDate": 43830,
        "curCode": "AUD"
      },
      {
        "revenue": 2664090,
        "netIncome": -8611270,
        "period": "2018A",
        "fPeriodEndDate": 43465,
        "curCode": "AUD"
      }
    ]
  },
  {
    "symbol": "EX1",
    "displayName": "EXOPHARM LIMITED",
    "industry": "Pharmaceuticals, Biotechnology & Life Sciences",
    "dateListed": "2018-12-18",
    "marketCap": 13362980,
    "xid": "503240917",
    "priceChangeFiveDayPercent": 3.658536585365857,
    "isRecentListing": false,
    "priceAsk": 0.092,
    "priceBid": 0.088,
    "priceChange": 0,
    "priceChangePercent": 0,
    "priceLast": 0.085,
    "sector": "Health Care",
    "industryGroup": "Pharmaceuticals, Biotechnology & Life Sciences",
    "securityType": 1,
    "volume": 0,
    "statusCode": "",
    "isin": "AU0000030975",
    "priceClose": 0.085,
    "priceFiftyTwoWeekHigh": 0.535,
    "priceFiftyTwoWeekLow": 0.081,
    "volumeAverage": 106724.390244,
    "cashFlow": -9.65276,
    "earningsPerShare": -0.06415,
    "freeCashFlowYield": -0.0000100000010000001,
    "priceEarningsRatio": -99999.99,
    "priceToCash": -99999.99,
    "foreignExempt": false,
    "shareDescription": "Ordinary Fully Paid",
    "numOfShares": 157211533,
    "yieldAnnual": 0,
    "incomeStatement": [
      {
        "revenue": 4209470,
        "netIncome": -10084010,
        "period": "2022A",
        "fPeriodEndDate": 44742,
        "curCode": "AUD"
      },
      {
        "revenue": 4198490,
        "netIncome": -8468050,
        "period": "2021A",
        "fPeriodEndDate": 44377,
        "curCode": "AUD"
      },
      {
        "revenue": 2726050,
        "netIncome": -5278800,
        "period": "2020A",
        "fPeriodEndDate": 44012,
        "curCode": "AUD"
      },
      {
        "revenue": 28790,
        "netIncome": -2282870,
        "period": "2019A",
        "fPeriodEndDate": 43646,
        "curCode": "AUD"
      }
    ]
  },
  {
    "symbol": "FRE",
    "displayName": "FIREBRICK PHARMA LIMITED",
    "industry": "Pharmaceuticals, Biotechnology & Life Sciences",
    "dateListed": "2022-01-28",
    "marketCap": 46531156,
    "xid": "695545068",
    "priceChangeFiveDayPercent": -6.896551724137918,
    "isRecentListing": false,
    "priceAsk": 0.28,
    "priceBid": 0.27,
    "priceChange": -0.0050000000000000044,
    "priceChangePercent": -1.8181818181818197,
    "priceLast": 0.27,
    "sector": "Health Care",
    "industryGroup": "Pharmaceuticals, Biotechnology & Life Sciences",
    "securityType": 1,
    "volume": 67842,
    "statusCode": "",
    "isin": "AU0000197352",
    "priceClose": 0.275,
    "priceDayHigh": 0.27,
    "priceDayLow": 0.27,
    "priceFiftyTwoWeekHigh": 0.75,
    "priceFiftyTwoWeekLow": 0.23,
    "volumeAverage": 76454.942529,
    "cashFlow": -4.23477,
    "earningsPerShare": -0.04426,
    "freeCashFlowYield": -0.0000100000010000001,
    "priceEarningsRatio": -99999.99,
    "priceToCash": -99999.99,
    "foreignExempt": false,
    "shareDescription": "Ordinary Fully Paid",
    "numOfShares": 169204205,
    "yieldAnnual": 0,
    "incomeStatement": [
      {
        "revenue": 4120,
        "netIncome": -3796310,
        "period": "2022A",
        "fPeriodEndDate": 44742,
        "curCode": "AUD"
      },
      {
        "revenue": 0,
        "netIncome": -2439040,
        "period": "2021A",
        "fPeriodEndDate": 44377,
        "curCode": "AUD"
      },
      {
        "revenue": 0,
        "netIncome": -1498480,
        "period": "2020A",
        "fPeriodEndDate": 44012,
        "curCode": "AUD"
      },
      {
        "revenue": 0,
        "netIncome": -725260,
        "period": "2019A",
        "fPeriodEndDate": 43646,
        "curCode": "AUD"
      }
    ]
  },
  {
    "symbol": "GSS",
    "displayName": "GENETIC SIGNATURES LIMITED",
    "industry": "Pharmaceuticals, Biotechnology & Life Sciences",
    "dateListed": "2015-03-31",
    "marketCap": 121178067,
    "xid": "86540654",
    "priceChangeFiveDayPercent": 13.999999999999998,
    "isRecentListing": false,
    "priceAsk": 0.915,
    "priceBid": 0.79,
    "priceChange": 0.010000000000000009,
    "priceChangePercent": 1.183431952662723,
    "priceLast": 0.855,
    "sector": "Health Care",
    "industryGroup": "Pharmaceuticals, Biotechnology & Life Sciences",
    "securityType": 1,
    "volume": 331005,
    "statusCode": "",
    "isin": "AU000000GSS4",
    "priceClose": 0.845,
    "priceDayHigh": 0.86,
    "priceDayLow": 0.835,
    "priceFiftyTwoWeekHigh": 1.86,
    "priceFiftyTwoWeekLow": 0.63,
    "volumeAverage": 142745.243902,
    "cashFlow": 6.817,
    "earningsPerShare": 0.0206,
    "freeCashFlowYield": 0.04310543632831342,
    "priceEarningsRatio": 36.8932,
    "priceToCash": 23.19893,
    "foreignExempt": false,
    "shareDescription": "Ordinary Fully Paid",
    "numOfShares": 143405996,
    "yieldAnnual": 0,
    "incomeStatement": [
      {
        "revenue": 35628000,
        "netIncome": 3063000,
        "period": "2022A",
        "fPeriodEndDate": 44742,
        "curCode": "AUD"
      },
      {
        "revenue": 28590000,
        "netIncome": 1756000,
        "period": "2021A",
        "fPeriodEndDate": 44377,
        "curCode": "AUD"
      },
      {
        "revenue": 14088000,
        "netIncome": -2086000,
        "period": "2020A",
        "fPeriodEndDate": 44012,
        "curCode": "AUD"
      },
      {
        "revenue": 7182790,
        "netIncome": -3491990,
        "period": "2019A",
        "fPeriodEndDate": 43646,
        "curCode": "AUD"
      }
    ]
  },
  {
    "symbol": "GTG",
    "displayName": "GENETIC TECHNOLOGIES LIMITED",
    "industry": "Pharmaceuticals, Biotechnology & Life Sciences",
    "dateListed": "1987-07-30",
    "marketCap": 27701895,
    "xid": "142658",
    "priceChangeFiveDayPercent": 0,
    "isRecentListing": false,
    "priceAsk": 0.004,
    "priceBid": 0.003,
    "priceChange": 0,
    "priceChangePercent": 0,
    "priceLast": 0.003,
    "sector": "Health Care",
    "industryGroup": "Pharmaceuticals, Biotechnology & Life Sciences",
    "securityType": 1,
    "volume": 980000,
    "statusCode": "",
    "isin": "AU000000GTG7",
    "priceClose": 0.003,
    "priceDayHigh": 0.003,
    "priceDayLow": 0.003,
    "priceFiftyTwoWeekHigh": 0.0065,
    "priceFiftyTwoWeekLow": 0.003,
    "volumeAverage": 3304051.273973,
    "cashFlow": -5.75625,
    "earningsPerShare": -0.00077,
    "freeCashFlowYield": -0.0000100000010000001,
    "priceEarningsRatio": -99999.99,
    "priceToCash": -99999.99,
    "foreignExempt": false,
    "shareDescription": "Ordinary Fully Paid",
    "numOfShares": 9233965143,
    "yieldAnnual": 0,
    "incomeStatement": [
      {
        "revenue": 6794820,
        "netIncome": -7131000,
        "period": "2022A",
        "fPeriodEndDate": 44742,
        "curCode": "AUD"
      },
      {
        "revenue": 120550,
        "netIncome": -7077620,
        "period": "2021A",
        "fPeriodEndDate": 44377,
        "curCode": "AUD"
      },
      {
        "revenue": 9860,
        "netIncome": -6294780,
        "period": "2020A",
        "fPeriodEndDate": 44012,
        "curCode": "AUD"
      },
      {
        "revenue": 25440,
        "netIncome": -6425600,
        "period": "2019A",
        "fPeriodEndDate": 43646,
        "curCode": "AUD"
      }
    ]
  },
  {
    "symbol": "HXL",
    "displayName": "HEXIMA LIMITED.",
    "industry": "Pharmaceuticals, Biotechnology & Life Sciences",
    "dateListed": "2020-12-01",
    "marketCap": 2839674,
    "xid": "625333002",
    "priceChangeFiveDayPercent": 5.555555555555561,
    "isRecentListing": false,
    "priceAsk": 0.019,
    "priceBid": 0.017,
    "priceChange": 0.0019999999999999983,
    "priceChangePercent": 11.764705882352931,
    "priceLast": 0.019,
    "sector": "Health Care",
    "industryGroup": "Pharmaceuticals, Biotechnology & Life Sciences",
    "securityType": 1,
    "volume": 150000,
    "statusCode": "",
    "isin": "AU0000111932",
    "priceClose": 0.017,
    "priceDayHigh": 0.019,
    "priceDayLow": 0.018000000000000002,
    "priceFiftyTwoWeekHigh": 0.45,
    "priceFiftyTwoWeekLow": 0.0105,
    "volumeAverage": 914822.855422,
    "cashFlow": -9.75782,
    "earningsPerShare": -0.06502,
    "freeCashFlowYield": -0.0000100000010000001,
    "priceEarningsRatio": -99999.99,
    "priceToCash": -99999.99,
    "foreignExempt": false,
    "shareDescription": "Ordinary Fully Paid",
    "numOfShares": 167039629,
    "yieldAnnual": 0,
    "incomeStatement": [
      {
        "revenue": 399650,
        "netIncome": -10020760,
        "period": "2022A",
        "fPeriodEndDate": 44742,
        "curCode": "AUD"
      },
      {
        "revenue": 4082030,
        "netIncome": -6873650,
        "period": "2021A",
        "fPeriodEndDate": 44377,
        "curCode": "AUD"
      },
      {
        "revenue": 2491340,
        "netIncome": -3625760,
        "period": "2020A",
        "fPeriodEndDate": 44012,
        "curCode": "AUD"
      },
      {
        "revenue": 3431540,
        "netIncome": -2895530,
        "period": "2019A",
        "fPeriodEndDate": 43646,
        "curCode": "AUD"
      }
    ]
  },
  {
    "symbol": "IDT",
    "displayName": "IDT AUSTRALIA LIMITED",
    "industry": "Pharmaceuticals, Biotechnology & Life Sciences",
    "dateListed": "1991-02-18",
    "marketCap": 22656049,
    "xid": "153068",
    "priceChangeFiveDayPercent": 1.0752688172043021,
    "isRecentListing": false,
    "priceAsk": 0.1,
    "priceBid": 0.095,
    "priceChange": 0,
    "priceChangePercent": 0,
    "priceLast": 0.094,
    "sector": "Health Care",
    "industryGroup": "Pharmaceuticals, Biotechnology & Life Sciences",
    "securityType": 1,
    "volume": 145558,
    "upcomingEventName": "2022 Annual General Meeting",
    "statusCode": "",
    "isin": "AU000000IDT0",
    "priceClose": 0.094,
    "priceDayHigh": 0.096,
    "priceDayLow": 0.094,
    "priceFiftyTwoWeekHigh": 0.675,
    "priceFiftyTwoWeekLow": 0.088,
    "volumeAverage": 330026.025316,
    "dateExDate": "2010-04-12",
    "datePayDate": "2010-04-30",
    "dateRecordDate": "2010-04-16",
    "dividend": 0.01,
    "dividendType": "I",
    "frankingPercent": 100,
    "cashFlow": 1.949,
    "earningsPerShare": -0.00499,
    "freeCashFlowYield": 0.016596009157677855,
    "priceEarningsRatio": -99999.99,
    "priceToCash": 60.25545,
    "foreignExempt": false,
    "shareDescription": "Ordinary Fully Paid",
    "numOfShares": 241021797,
    "yieldAnnual": 0,
    "incomeStatement": [
      {
        "revenue": 12130000,
        "netIncome": -1160000,
        "period": "2022A",
        "fPeriodEndDate": 44742,
        "curCode": "AUD"
      },
      {
        "revenue": 16927000,
        "netIncome": 2103000,
        "period": "2021A",
        "fPeriodEndDate": 44377,
        "curCode": "AUD"
      },
      {
        "revenue": 14169000,
        "netIncome": -1919000,
        "period": "2020A",
        "fPeriodEndDate": 44012,
        "curCode": "AUD"
      },
      {
        "revenue": 12130000,
        "netIncome": -6083000,
        "period": "2019A",
        "fPeriodEndDate": 43646,
        "curCode": "AUD"
      }
    ]
  },
  {
    "symbol": "IMC",
    "displayName": "IMMURON LIMITED",
    "industry": "Pharmaceuticals, Biotechnology & Life Sciences",
    "dateListed": "1999-04-30",
    "marketCap": 17768271,
    "xid": "46073",
    "priceChangeFiveDayPercent": -7.142857142857149,
    "isRecentListing": false,
    "priceAsk": 0.082,
    "priceBid": 0.079,
    "priceChange": 0,
    "priceChangePercent": 0,
    "priceLast": 0.078,
    "sector": "Health Care",
    "industryGroup": "Pharmaceuticals, Biotechnology & Life Sciences",
    "securityType": 1,
    "volume": 0,
    "statusCode": "",
    "isin": "AU000000IMC7",
    "priceClose": 0.078,
    "priceFiftyTwoWeekHigh": 0.16,
    "priceFiftyTwoWeekLow": 0.073,
    "volumeAverage": 66142.313433,
    "cashFlow": -3.15784,
    "earningsPerShare": -0.01255,
    "freeCashFlowYield": -0.0000100000010000001,
    "priceEarningsRatio": -99999.99,
    "priceToCash": -99999.99,
    "foreignExempt": false,
    "shareDescription": "Ordinary Fully Paid",
    "numOfShares": 227798346,
    "yieldAnnual": 0,
    "incomeStatement": [
      {
        "revenue": 765190,
        "netIncome": -2854250,
        "period": "2022A",
        "fPeriodEndDate": 44742,
        "curCode": "AUD"
      },
      {
        "revenue": 145780,
        "netIncome": -8384470,
        "period": "2021A",
        "fPeriodEndDate": 44377,
        "curCode": "AUD"
      },
      {
        "revenue": 2518570,
        "netIncome": -2927210,
        "period": "2020A",
        "fPeriodEndDate": 44012,
        "curCode": "AUD"
      },
      {
        "revenue": 2387430,
        "netIncome": -4656420,
        "period": "2019A",
        "fPeriodEndDate": 43646,
        "curCode": "AUD"
      }
    ]
  },
  {
    "symbol": "IMM",
    "displayName": "IMMUTEP LIMITED",
    "industry": "Pharmaceuticals, Biotechnology & Life Sciences",
    "dateListed": "1988-06-23",
    "marketCap": 263726836,
    "xid": "233959",
    "priceChangeFiveDayPercent": -1.5873015873015888,
    "isRecentListing": false,
    "priceAsk": 0.31,
    "priceBid": 0.305,
    "priceChange": 0.010000000000000009,
    "priceChangePercent": 3.3333333333333366,
    "priceLast": 0.31,
    "sector": "Health Care",
    "industryGroup": "Pharmaceuticals, Biotechnology & Life Sciences",
    "securityType": 1,
    "volume": 766723,
    "statusCode": "",
    "isin": "AU000000IMM6",
    "priceClose": 0.3,
    "priceDayHigh": 0.315,
    "priceDayLow": 0.3,
    "priceFiftyTwoWeekHigh": 0.52,
    "priceFiftyTwoWeekLow": 0.235,
    "volumeAverage": 1040975.912088,
    "cashFlow": -30.25266,
    "earningsPerShare": -0.03795,
    "freeCashFlowYield": -0.0000100000010000001,
    "priceEarningsRatio": -99999.99,
    "priceToCash": -99999.99,
    "foreignExempt": false,
    "shareDescription": "Ordinary Fully Paid",
    "numOfShares": 879089453,
    "yieldAnnual": 0,
    "incomeStatement": [
      {
        "revenue": 478910,
        "netIncome": -32210830,
        "period": "2022A",
        "fPeriodEndDate": 44742,
        "curCode": "AUD"
      },
      {
        "revenue": 418170,
        "netIncome": -29902620,
        "period": "2021A",
        "fPeriodEndDate": 44377,
        "curCode": "AUD"
      },
      {
        "revenue": 13938820,
        "netIncome": -13468230,
        "period": "2020A",
        "fPeriodEndDate": 44012,
        "curCode": "AUD"
      },
      {
        "revenue": 6034490,
        "netIncome": -18343980,
        "period": "2019A",
        "fPeriodEndDate": 43646,
        "curCode": "AUD"
      }
    ]
  },
  {
    "symbol": "IMU",
    "displayName": "IMUGENE LIMITED",
    "industry": "Pharmaceuticals, Biotechnology & Life Sciences",
    "dateListed": "1993-11-24",
    "marketCap": 1178393816,
    "xid": "166274",
    "priceChangeFiveDayPercent": -5.263157894736847,
    "isRecentListing": false,
    "priceAsk": 0.185,
    "priceBid": 0.18,
    "priceChange": -0.0050000000000000044,
    "priceChangePercent": -2.7027027027027053,
    "priceLast": 0.18,
    "sector": "Health Care",
    "industryGroup": "Pharmaceuticals, Biotechnology & Life Sciences",
    "securityType": 1,
    "volume": 7512988,
    "statusCode": "",
    "isin": "AU000000IMU9",
    "priceClose": 0.185,
    "priceDayHigh": 0.185,
    "priceDayLow": 0.18,
    "priceFiftyTwoWeekHigh": 0.555,
    "priceFiftyTwoWeekLow": 0.13,
    "volumeAverage": 19320727.677778,
    "cashFlow": -31.10583,
    "earningsPerShare": -0.00668,
    "freeCashFlowYield": -0.0000100000010000001,
    "priceEarningsRatio": -99999.99,
    "priceToCash": -99999.99,
    "foreignExempt": false,
    "shareDescription": "Ordinary Fully Paid",
    "numOfShares": 6369696301,
    "yieldAnnual": 0,
    "incomeStatement": [
      {
        "revenue": 0,
        "netIncome": -37869170,
        "period": "2022A",
        "fPeriodEndDate": 44742,
        "curCode": "AUD"
      },
      {
        "revenue": 0,
        "netIncome": -18455360,
        "period": "2021A",
        "fPeriodEndDate": 44377,
        "curCode": "AUD"
      },
      {
        "revenue": 0,
        "netIncome": -10508000,
        "period": "2020A",
        "fPeriodEndDate": 44012,
        "curCode": "AUD"
      },
      {
        "revenue": 4542170,
        "netIncome": -7775360,
        "period": "2019A",
        "fPeriodEndDate": 43646,
        "curCode": "AUD"
      }
    ]
  },
  {
    "symbol": "IHL",
    "displayName": "INCANNEX HEALTHCARE LIMITED",
    "industry": "Pharmaceuticals, Biotechnology & Life Sciences",
    "dateListed": "2007-05-23",
    "marketCap": 403752866,
    "xid": "7082868",
    "priceChangeFiveDayPercent": -5.660377358490571,
    "isRecentListing": false,
    "priceAsk": 0.255,
    "priceBid": 0.25,
    "priceChange": -0.015000000000000013,
    "priceChangePercent": -5.660377358490571,
    "priceLast": 0.25,
    "sector": "Health Care",
    "industryGroup": "Pharmaceuticals, Biotechnology & Life Sciences",
    "securityType": 1,
    "volume": 2141635,
    "statusCode": "",
    "isin": "AU000000IHL8",
    "priceClose": 0.265,
    "priceDayHigh": 0.27,
    "priceDayLow": 0.245,
    "priceFiftyTwoWeekHigh": 0.755,
    "priceFiftyTwoWeekLow": 0.185,
    "volumeAverage": 4028723.461538,
    "cashFlow": -12.80737,
    "earningsPerShare": -0.01239,
    "freeCashFlowYield": -0.0000100000010000001,
    "priceEarningsRatio": -99999.99,
    "priceToCash": -99999.99,
    "foreignExempt": false,
    "shareDescription": "Ordinary Fully Paid",
    "numOfShares": 1523595722,
    "yieldAnnual": 0,
    "incomeStatement": [
      {
        "revenue": 788650,
        "netIncome": -14903910,
        "period": "2022A",
        "fPeriodEndDate": 44742,
        "curCode": "AUD"
      },
      {
        "revenue": 1973340,
        "netIncome": -11372800,
        "period": "2021A",
        "fPeriodEndDate": 44377,
        "curCode": "AUD"
      },
      {
        "revenue": 822050,
        "netIncome": -4697640,
        "period": "2020A",
        "fPeriodEndDate": 44012,
        "curCode": "AUD"
      },
      {
        "revenue": 1550,
        "netIncome": -2718400,
        "period": "2019A",
        "fPeriodEndDate": 43646,
        "curCode": "AUD"
      }
    ]
  },
  {
    "symbol": "IXC",
    "displayName": "INVEX THERAPEUTICS LTD",
    "industry": "Pharmaceuticals, Biotechnology & Life Sciences",
    "dateListed": "2019-07-05",
    "marketCap": 41334616,
    "xid": "541949723",
    "priceChangeFiveDayPercent": -6.6666666666666545,
    "isRecentListing": false,
    "priceAsk": 0.61,
    "priceBid": 0.56,
    "priceChange": 0.010000000000000009,
    "priceChangePercent": 1.8181818181818197,
    "priceLast": 0.56,
    "sector": "Health Care",
    "industryGroup": "Pharmaceuticals, Biotechnology & Life Sciences",
    "securityType": 1,
    "volume": 10000,
    "statusCode": "",
    "isin": "AU0000048621",
    "priceClose": 0.55,
    "priceDayHigh": 0.5650000000000001,
    "priceDayLow": 0.56,
    "priceFiftyTwoWeekHigh": 0.76,
    "priceFiftyTwoWeekLow": 0.435,
    "volumeAverage": 43676.666667,
    "cashFlow": -3.37671,
    "earningsPerShare": -0.05264,
    "freeCashFlowYield": -0.0000100000010000001,
    "priceEarningsRatio": -99999.99,
    "priceToCash": -99999.99,
    "foreignExempt": false,
    "shareDescription": "Ordinary Fully Paid",
    "numOfShares": 75153848,
    "yieldAnnual": 0,
    "incomeStatement": [
      {
        "revenue": 262130,
        "netIncome": -3953140,
        "period": "2022A",
        "fPeriodEndDate": 44742,
        "curCode": "AUD"
      },
      {
        "revenue": 158790,
        "netIncome": -2283910,
        "period": "2021A",
        "fPeriodEndDate": 44377,
        "curCode": "AUD"
      },
      {
        "revenue": 165700,
        "netIncome": -3360280,
        "period": "2020A",
        "fPeriodEndDate": 44012,
        "curCode": "AUD"
      },
      {
        "revenue": 130,
        "netIncome": -232120,
        "period": "2019A",
        "fPeriodEndDate": 43646,
        "curCode": "AUD"
      }
    ]
  },
  {
    "symbol": "IVX",
    "displayName": "INVION LIMITED",
    "industry": "Pharmaceuticals, Biotechnology & Life Sciences",
    "dateListed": "2010-02-15",
    "marketCap": 70621013,
    "xid": "21702210",
    "priceChangeFiveDayPercent": 0,
    "isRecentListing": false,
    "priceAsk": 0.012,
    "priceBid": 0.011,
    "priceChange": 0,
    "priceChangePercent": 0,
    "priceLast": 0.011,
    "sector": "Health Care",
    "industryGroup": "Pharmaceuticals, Biotechnology & Life Sciences",
    "securityType": 1,
    "volume": 3037197,
    "statusCode": "",
    "isin": "AU000000IVX4",
    "priceClose": 0.011,
    "priceDayHigh": 0.011,
    "priceDayLow": 0.0105,
    "priceFiftyTwoWeekHigh": 0.023,
    "priceFiftyTwoWeekLow": 0.008,
    "volumeAverage": 1826685.741176,
    "cashFlow": -8.3589,
    "earningsPerShare": -0.00037,
    "freeCashFlowYield": -0.0000100000010000001,
    "priceEarningsRatio": -99999.99,
    "priceToCash": -99999.99,
    "foreignExempt": false,
    "shareDescription": "Ordinary Fully Paid",
    "numOfShares": 6420092081,
    "yieldAnnual": 0,
    "incomeStatement": [
      {
        "revenue": 3291760,
        "netIncome": -2241380,
        "period": "2022A",
        "fPeriodEndDate": 44742,
        "curCode": "AUD"
      },
      {
        "revenue": 2330110,
        "netIncome": -1482950,
        "period": "2021A",
        "fPeriodEndDate": 44377,
        "curCode": "AUD"
      },
      {
        "revenue": 3476780,
        "netIncome": -953890,
        "period": "2020A",
        "fPeriodEndDate": 44012,
        "curCode": "AUD"
      },
      {
        "revenue": 3882100,
        "netIncome": -1064100,
        "period": "2019A",
        "fPeriodEndDate": 43646,
        "curCode": "AUD"
      }
    ]
  },
  {
    "symbol": "ILA",
    "displayName": "ISLAND PHARMACEUTICALS LIMITED",
    "industry": "Pharmaceuticals, Biotechnology & Life Sciences",
    "dateListed": "2021-04-13",
    "marketCap": 15847351,
    "xid": "647237004",
    "priceChangeFiveDayPercent": -11.363636363636362,
    "isRecentListing": false,
    "priceAsk": 0.21,
    "priceBid": 0.195,
    "priceChange": 0,
    "priceChangePercent": 0,
    "priceLast": 0.195,
    "sector": "Health Care",
    "industryGroup": "Pharmaceuticals, Biotechnology & Life Sciences",
    "securityType": 1,
    "volume": 0,
    "statusCode": "",
    "isin": "AU0000138869",
    "priceClose": 0.195,
    "priceFiftyTwoWeekHigh": 0.3,
    "priceFiftyTwoWeekLow": 0.115,
    "volumeAverage": 36600.357143,
    "cashFlow": -1.87764,
    "earningsPerShare": -0.03223,
    "freeCashFlowYield": -0.0000100000010000001,
    "priceEarningsRatio": -99999.99,
    "priceToCash": -99999.99,
    "foreignExempt": false,
    "shareDescription": "Ordinary Fully Paid",
    "numOfShares": 81268468,
    "yieldAnnual": 0,
    "incomeStatement": [
      {
        "revenue": 0,
        "netIncome": -2606890,
        "period": "2022A",
        "fPeriodEndDate": 44742,
        "curCode": "AUD"
      },
      {
        "revenue": 0,
        "netIncome": -2126760,
        "period": "2021A",
        "fPeriodEndDate": 44377,
        "curCode": "AUD"
      },
      {
        "revenue": 0,
        "netIncome": -660,
        "period": "2020A",
        "fPeriodEndDate": 44012,
        "curCode": "AUD"
      }
    ]
  },
  {
    "symbol": "KZA",
    "displayName": "KAZIA THERAPEUTICS LIMITED",
    "industry": "Pharmaceuticals, Biotechnology & Life Sciences",
    "dateListed": "1994-09-01",
    "marketCap": 16014080,
    "xid": "217161",
    "priceChangeFiveDayPercent": -1.0309278350515472,
    "isRecentListing": false,
    "priceAsk": 0.1,
    "priceBid": 0.095,
    "priceChange": -0.0020000000000000018,
    "priceChangePercent": -2.040816326530614,
    "priceLast": 0.096,
    "sector": "Health Care",
    "industryGroup": "Pharmaceuticals, Biotechnology & Life Sciences",
    "securityType": 1,
    "volume": 281980,
    "statusCode": "",
    "isin": "AU000000KZA9",
    "priceClose": 0.098,
    "priceDayHigh": 0.098,
    "priceDayLow": 0.096,
    "priceFiftyTwoWeekHigh": 1.5,
    "priceFiftyTwoWeekLow": 0.096,
    "volumeAverage": 271015.934066,
    "cashFlow": -22.76266,
    "earningsPerShare": -0.1861,
    "freeCashFlowYield": -0.0000100000010000001,
    "priceEarningsRatio": -99999.99,
    "priceToCash": -99999.99,
    "foreignExempt": false,
    "shareDescription": "Ordinary Fully Paid",
    "numOfShares": 163408976,
    "yieldAnnual": 0,
    "incomeStatement": [
      {
        "revenue": 2090,
        "netIncome": -24647820,
        "period": "2022A",
        "fPeriodEndDate": 44742,
        "curCode": "AUD"
      },
      {
        "revenue": 15224950,
        "netIncome": -8421960,
        "period": "2021A",
        "fPeriodEndDate": 44377,
        "curCode": "AUD"
      },
      {
        "revenue": 65910,
        "netIncome": -12467470,
        "period": "2020A",
        "fPeriodEndDate": 44012,
        "curCode": "AUD"
      },
      {
        "revenue": 99620,
        "netIncome": -10270260,
        "period": "2019A",
        "fPeriodEndDate": 43646,
        "curCode": "AUD"
      }
    ]
  },
  {
    "symbol": "LGP",
    "displayName": "LITTLE GREEN PHARMA LTD",
    "industry": "Pharmaceuticals, Biotechnology & Life Sciences",
    "dateListed": "2020-02-20",
    "marketCap": 45661135,
    "xid": "575195428",
    "priceChangeFiveDayPercent": -5.4054054054053955,
    "isRecentListing": false,
    "priceAsk": 0.17500000000000002,
    "priceBid": 0.17,
    "priceChange": 0,
    "priceChangePercent": 0,
    "priceLast": 0.17500000000000002,
    "sector": "Health Care",
    "industryGroup": "Pharmaceuticals, Biotechnology & Life Sciences",
    "securityType": 1,
    "volume": 257527,
    "statusCode": "",
    "isin": "AU0000074924",
    "priceClose": 0.17500000000000002,
    "priceDayHigh": 0.18,
    "priceDayLow": 0.17,
    "priceFiftyTwoWeekHigh": 0.68,
    "priceFiftyTwoWeekLow": 0.17,
    "volumeAverage": 187926.898876,
    "cashFlow": -99999.99,
    "earningsPerShare": -99999.99,
    "freeCashFlowYield": -0.0000100000010000001,
    "priceEarningsRatio": -99999.99,
    "priceToCash": -99999.99,
    "foreignExempt": false,
    "shareDescription": "Ordinary Fully Paid",
    "numOfShares": 260920771,
    "yieldAnnual": 0,
    "incomeStatement": [
      {
        "revenue": 10529950,
        "netIncome": -18286250,
        "period": "2022A",
        "fPeriodEndDate": 44651,
        "curCode": "AUD"
      },
      {
        "revenue": 7003630,
        "netIncome": 22215520,
        "period": "2021A",
        "fPeriodEndDate": 44377,
        "curCode": "AUD"
      },
      {
        "revenue": 2204020,
        "netIncome": -9315440,
        "period": "2020A",
        "fPeriodEndDate": 44012,
        "curCode": "AUD"
      },
      {
        "revenue": 248500,
        "netIncome": -5518130,
        "period": "2019A",
        "fPeriodEndDate": 43646,
        "curCode": "AUD"
      }
    ]
  },
  {
    "symbol": "LCT",
    "displayName": "LIVING CELL TECHNOLOGIES LIMITED",
    "industry": "Pharmaceuticals, Biotechnology & Life Sciences",
    "dateListed": "2004-09-01",
    "marketCap": 21851183,
    "xid": "182001",
    "priceChangeFiveDayPercent": -8.333333333333323,
    "isRecentListing": false,
    "priceAsk": 0.017,
    "priceBid": 0.016,
    "priceChange": -0.0005000000000000004,
    "priceChangePercent": -2.9411764705882377,
    "priceLast": 0.0165,
    "sector": "Health Care",
    "industryGroup": "Pharmaceuticals, Biotechnology & Life Sciences",
    "securityType": 1,
    "volume": 325788,
    "statusCode": "",
    "isin": "AU000000LCT6",
    "priceClose": 0.017,
    "priceDayHigh": 0.018000000000000002,
    "priceDayLow": 0.0165,
    "priceFiftyTwoWeekHigh": 0.018000000000000002,
    "priceFiftyTwoWeekLow": 0.0045,
    "volumeAverage": 1606200.83908,
    "cashFlow": -2.0422,
    "earningsPerShare": -0.0025,
    "freeCashFlowYield": -0.0000100000010000001,
    "priceEarningsRatio": -99999.99,
    "priceToCash": -99999.99,
    "foreignExempt": false,
    "shareDescription": "Ordinary Fully Paid",
    "numOfShares": 1285363723,
    "yieldAnnual": 0,
    "incomeStatement": [
      {
        "revenue": 3410,
        "netIncome": -1957300,
        "period": "2022A",
        "fPeriodEndDate": 44742,
        "curCode": "AUD"
      },
      {
        "revenue": 268180,
        "netIncome": -1460590,
        "period": "2021A",
        "fPeriodEndDate": 44377,
        "curCode": "AUD"
      },
      {
        "revenue": 553690,
        "netIncome": -968470,
        "period": "2020A",
        "fPeriodEndDate": 44012,
        "curCode": "AUD"
      },
      {
        "revenue": 769680,
        "netIncome": -3181360,
        "period": "2019A",
        "fPeriodEndDate": 43646,
        "curCode": "AUD"
      }
    ]
  },
  {
    "symbol": "MYX",
    "displayName": "MAYNE PHARMA GROUP LIMITED",
    "industry": "Pharmaceuticals, Biotechnology & Life Sciences",
    "dateListed": "2007-06-29",
    "marketCap": 495847420,
    "xid": "7678154",
    "priceChangeFiveDayPercent": -3.508771929824545,
    "isRecentListing": false,
    "priceAsk": 0.28,
    "priceBid": 0.275,
    "priceChange": -0.010000000000000009,
    "priceChangePercent": -3.5087719298245643,
    "priceLast": 0.275,
    "sector": "Health Care",
    "industryGroup": "Pharmaceuticals, Biotechnology & Life Sciences",
    "securityType": 1,
    "volume": 1515667,
    "statusCode": "",
    "isin": "AU000000MYX0",
    "priceClose": 0.28500000000000003,
    "priceDayHigh": 0.28500000000000003,
    "priceDayLow": 0.275,
    "priceFiftyTwoWeekHigh": 0.425,
    "priceFiftyTwoWeekLow": 0.2,
    "volumeAverage": 4377917.846154,
    "dateExDate": "2011-03-03",
    "datePayDate": "2011-03-25",
    "dateRecordDate": "2011-03-09",
    "dividend": 0.01,
    "dividendType": "I",
    "frankingPercent": 100,
    "cashFlow": -19.059,
    "earningsPerShare": -0.15846,
    "freeCashFlowYield": -0.0000100000010000001,
    "priceEarningsRatio": -99999.99,
    "priceToCash": -99999.99,
    "foreignExempt": false,
    "shareDescription": "Ordinary Fully Paid",
    "numOfShares": 1739815508,
    "yieldAnnual": 0,
    "incomeStatement": [
      {
        "revenue": 425258000,
        "netIncome": -263343000,
        "period": "2022A",
        "fPeriodEndDate": 44742,
        "curCode": "AUD"
      },
      {
        "revenue": 401468000,
        "netIncome": -208423000,
        "period": "2021A",
        "fPeriodEndDate": 44377,
        "curCode": "AUD"
      },
      {
        "revenue": 457773000,
        "netIncome": -92789000,
        "period": "2020A",
        "fPeriodEndDate": 44012,
        "curCode": "AUD"
      },
      {
        "revenue": 526224000,
        "netIncome": -279203000,
        "period": "2019A",
        "fPeriodEndDate": 43646,
        "curCode": "AUD"
      }
    ]
  },
  {
    "symbol": "MVP",
    "displayName": "MEDICAL DEVELOPMENTS INTERNATIONAL LIMITED",
    "industry": "Pharmaceuticals, Biotechnology & Life Sciences",
    "dateListed": "2003-12-15",
    "marketCap": 148013375,
    "xid": "207679",
    "priceChangeFiveDayPercent": 2.3529411764705905,
    "isRecentListing": false,
    "priceAsk": 1.74,
    "priceBid": 1.725,
    "priceChange": 0.02499999999999991,
    "priceChangePercent": 1.4577259475218607,
    "priceLast": 1.74,
    "sector": "Health Care",
    "industryGroup": "Pharmaceuticals, Biotechnology & Life Sciences",
    "securityType": 1,
    "volume": 262434,
    "statusCode": "",
    "isin": "AU000000MVP2",
    "priceClose": 1.715,
    "priceDayHigh": 1.77,
    "priceDayLow": 1.7,
    "priceFiftyTwoWeekHigh": 5.36334,
    "priceFiftyTwoWeekLow": 1.37282,
    "volumeAverage": 155167.665981,
    "dateExDate": "2020-03-05",
    "datePayDate": "2020-04-17",
    "dateRecordDate": "2020-03-06",
    "dividend": 0.02,
    "dividendType": "I",
    "frankingPercent": 100,
    "cashFlow": -15.991,
    "earningsPerShare": -0.17129,
    "freeCashFlowYield": -0.0000100000010000001,
    "priceEarningsRatio": -99999.99,
    "priceToCash": -99999.99,
    "foreignExempt": false,
    "shareDescription": "Ordinary Fully Paid",
    "numOfShares": 86305175,
    "yieldAnnual": 0,
    "incomeStatement": [
      {
        "revenue": 22369000,
        "netIncome": -12407000,
        "period": "2022A",
        "fPeriodEndDate": 44742,
        "curCode": "AUD"
      },
      {
        "revenue": 25343000,
        "netIncome": -12565000,
        "period": "2021A",
        "fPeriodEndDate": 44377,
        "curCode": "AUD"
      },
      {
        "revenue": 22871000,
        "netIncome": 379000,
        "period": "2020A",
        "fPeriodEndDate": 44012,
        "curCode": "AUD"
      },
      {
        "revenue": 21324000,
        "netIncome": 1038000,
        "period": "2019A",
        "fPeriodEndDate": 43646,
        "curCode": "AUD"
      }
    ]
  },
  {
    "symbol": "MDC",
    "displayName": "MEDLAB CLINICAL LIMITED",
    "industry": "Pharmaceuticals, Biotechnology & Life Sciences",
    "dateListed": "2015-07-14",
    "marketCap": 19409767,
    "xid": "88500869",
    "priceChangeFiveDayPercent": -3.0303030303030303,
    "isRecentListing": false,
    "priceAsk": 8,
    "priceBid": 7.1000000000000005,
    "priceChange": -0.5,
    "priceChangePercent": -5.882352941176471,
    "priceLast": 8,
    "sector": "Health Care",
    "industryGroup": "Pharmaceuticals, Biotechnology & Life Sciences",
    "securityType": 1,
    "volume": 6421,
    "statusCode": "RE",
    "isin": "AU000000MDC8",
    "priceClose": 8.5,
    "priceDayHigh": 8.5,
    "priceDayLow": 8,
    "priceFiftyTwoWeekHigh": 25.5,
    "priceFiftyTwoWeekLow": 6.45,
    "volumeAverage": 1179.239059,
    "cashFlow": -9.29614,
    "earningsPerShare": -3.64816,
    "freeCashFlowYield": -0.0000100000010000001,
    "priceEarningsRatio": -99999.99,
    "priceToCash": -99999.99,
    "foreignExempt": false,
    "shareDescription": "Ordinary Fully Paid",
    "numOfShares": 2283502,
    "yieldAnnual": 0,
    "incomeStatement": [
      {
        "revenue": 1327160,
        "netIncome": -7162430,
        "period": "2022A",
        "fPeriodEndDate": 44742,
        "curCode": "AUD"
      },
      {
        "revenue": 757930,
        "netIncome": -6784010,
        "period": "2021A",
        "fPeriodEndDate": 44377,
        "curCode": "AUD"
      },
      {
        "revenue": 2924540,
        "netIncome": -13399370,
        "period": "2020A",
        "fPeriodEndDate": 44012,
        "curCode": "AUD"
      },
      {
        "revenue": 7795520,
        "netIncome": -8090940,
        "period": "2019A",
        "fPeriodEndDate": 43646,
        "curCode": "AUD"
      }
    ]
  },
  {
    "symbol": "MEM",
    "displayName": "MEMPHASYS LIMITED.",
    "industry": "Pharmaceuticals, Biotechnology & Life Sciences",
    "dateListed": "2007-05-14",
    "marketCap": 13442789,
    "xid": "6945231",
    "priceChangeFiveDayPercent": 0,
    "isRecentListing": false,
    "priceAsk": 0.015,
    "priceBid": 0.014,
    "priceChange": 0.0009999999999999992,
    "priceChangePercent": 7.142857142857137,
    "priceLast": 0.015,
    "sector": "Health Care",
    "industryGroup": "Pharmaceuticals, Biotechnology & Life Sciences",
    "securityType": 1,
    "volume": 73666,
    "statusCode": "",
    "isin": "AU000000MEM5",
    "priceClose": 0.014,
    "priceDayHigh": 0.015,
    "priceDayLow": 0.015,
    "priceFiftyTwoWeekHigh": 0.10972,
    "priceFiftyTwoWeekLow": 0.014,
    "volumeAverage": 708444.863568,
    "cashFlow": -2.61129,
    "earningsPerShare": -0.00253,
    "freeCashFlowYield": -0.0000100000010000001,
    "priceEarningsRatio": -99999.99,
    "priceToCash": -99999.99,
    "foreignExempt": false,
    "shareDescription": "Ordinary Fully Paid",
    "numOfShares": 960199229,
    "yieldAnnual": 0,
    "incomeStatement": [
      {
        "revenue": 27150,
        "netIncome": -2081960,
        "period": "2022A",
        "fPeriodEndDate": 44742,
        "curCode": "AUD"
      },
      {
        "revenue": 0,
        "netIncome": -1486430,
        "period": "2021A",
        "fPeriodEndDate": 44377,
        "curCode": "AUD"
      },
      {
        "revenue": 0,
        "netIncome": -1133880,
        "period": "2020A",
        "fPeriodEndDate": 44012,
        "curCode": "AUD"
      },
      {
        "revenue": 0,
        "netIncome": -1044580,
        "period": "2019A",
        "fPeriodEndDate": 43646,
        "curCode": "AUD"
      }
    ]
  },
  {
    "symbol": "MSB",
    "displayName": "MESOBLAST LIMITED",
    "industry": "Pharmaceuticals, Biotechnology & Life Sciences",
    "dateListed": "2004-12-16",
    "marketCap": 733435612,
    "xid": "50943752",
    "priceChangeFiveDayPercent": 2.072538860103629,
    "isRecentListing": false,
    "priceAsk": 1,
    "priceBid": 0.98,
    "priceChange": -0.010000000000000009,
    "priceChangePercent": -1.0050251256281415,
    "priceLast": 0.985,
    "sector": "Health Care",
    "industryGroup": "Pharmaceuticals, Biotechnology & Life Sciences",
    "securityType": 1,
    "volume": 1148251,
    "statusCode": "",
    "isin": "AU000000MSB8",
    "priceClose": 0.995,
    "priceDayHigh": 1.025,
    "priceDayLow": 0.97,
    "priceFiftyTwoWeekHigh": 1.82,
    "priceFiftyTwoWeekLow": 0.61,
    "volumeAverage": 1121986.068182,
    "cashFlow": -98.69618,
    "earningsPerShare": -0.2107,
    "freeCashFlowYield": -0.0000100000010000001,
    "priceEarningsRatio": -99999.99,
    "priceToCash": -99999.99,
    "foreignExempt": false,
    "shareDescription": "Ordinary Fully Paid",
    "numOfShares": 737121218,
    "yieldAnnual": 0,
    "incomeStatement": [
      {
        "revenue": 10214000,
        "netIncome": -91347000,
        "period": "2022A",
        "fPeriodEndDate": 44742,
        "curCode": "USD"
      },
      {
        "revenue": 7456000,
        "netIncome": -98811000,
        "period": "2021A",
        "fPeriodEndDate": 44377,
        "curCode": "USD"
      },
      {
        "revenue": 32156000,
        "netIncome": -77940000,
        "period": "2020A",
        "fPeriodEndDate": 44012,
        "curCode": "USD"
      },
      {
        "revenue": 16722000,
        "netIncome": -89799000,
        "period": "2019A",
        "fPeriodEndDate": 43646,
        "curCode": "USD"
      }
    ]
  },
  {
    "symbol": "MXC",
    "displayName": "MGC PHARMACEUTICALS LTD",
    "industry": "Pharmaceuticals, Biotechnology & Life Sciences",
    "dateListed": "2006-12-21",
    "marketCap": 37256015,
    "xid": "6063608",
    "priceChangeFiveDayPercent": 1.3344026738283132e-14,
    "isRecentListing": false,
    "priceAsk": 0.014,
    "priceBid": 0.013000000000000001,
    "priceChange": 0,
    "priceChangePercent": 0,
    "priceLast": 0.013000000000000001,
    "sector": "Health Care",
    "industryGroup": "Pharmaceuticals, Biotechnology & Life Sciences",
    "securityType": 1,
    "volume": 851426,
    "statusCode": "",
    "isin": "AU000000MXC6",
    "priceClose": 0.013000000000000001,
    "priceDayHigh": 0.014,
    "priceDayLow": 0.013000000000000001,
    "priceFiftyTwoWeekHigh": 0.05,
    "priceFiftyTwoWeekLow": 0.012,
    "volumeAverage": 2014338.9,
    "cashFlow": -14.85133,
    "earningsPerShare": -0.00782,
    "freeCashFlowYield": -0.0000100000010000001,
    "priceEarningsRatio": -99999.99,
    "priceToCash": -99999.99,
    "foreignExempt": false,
    "shareDescription": "Ordinary Fully Paid",
    "numOfShares": 2865847321,
    "yieldAnnual": 0,
    "incomeStatement": [
      {
        "revenue": 4732010,
        "netIncome": -20347440,
        "period": "2022A",
        "fPeriodEndDate": 44742,
        "curCode": "AUD"
      },
      {
        "revenue": 2996050,
        "netIncome": -15869980,
        "period": "2021A",
        "fPeriodEndDate": 44377,
        "curCode": "AUD"
      },
      {
        "revenue": 2079170,
        "netIncome": -19363090,
        "period": "2020A",
        "fPeriodEndDate": 44012,
        "curCode": "AUD"
      },
      {
        "revenue": 656240,
        "netIncome": -8579330,
        "period": "2019A",
        "fPeriodEndDate": 43646,
        "curCode": "AUD"
      }
    ]
  },
  {
    "symbol": "NC6",
    "displayName": "NANOLLOSE LIMITED",
    "industry": "Pharmaceuticals, Biotechnology & Life Sciences",
    "dateListed": "2017-10-18",
    "marketCap": 11166478,
    "xid": "431186225",
    "priceChangeFiveDayPercent": 2.816901408450707,
    "isRecentListing": false,
    "priceAsk": 0.075,
    "priceBid": 0.07100000000000001,
    "priceChange": -0.0020000000000000018,
    "priceChangePercent": -2.666666666666669,
    "priceLast": 0.073,
    "sector": "Health Care",
    "industryGroup": "Pharmaceuticals, Biotechnology & Life Sciences",
    "securityType": 1,
    "volume": 18116,
    "statusCode": "",
    "isin": "AU000000NC68",
    "priceClose": 0.075,
    "priceDayHigh": 0.073,
    "priceDayLow": 0.073,
    "priceFiftyTwoWeekHigh": 0.125,
    "priceFiftyTwoWeekLow": 0.058,
    "volumeAverage": 117865.833333,
    "cashFlow": -1.38766,
    "earningsPerShare": -0.01146,
    "freeCashFlowYield": -0.0000100000010000001,
    "priceEarningsRatio": -99999.99,
    "priceToCash": -99999.99,
    "foreignExempt": false,
    "shareDescription": "Ordinary Fully Paid",
    "numOfShares": 148886368,
    "yieldAnnual": 0,
    "incomeStatement": [
      {
        "revenue": 6560,
        "netIncome": -1566500,
        "period": "2022A",
        "fPeriodEndDate": 44742,
        "curCode": "AUD"
      },
      {
        "revenue": 1840,
        "netIncome": -931050,
        "period": "2021A",
        "fPeriodEndDate": 44377,
        "curCode": "AUD"
      },
      {
        "revenue": 5830,
        "netIncome": -1235490,
        "period": "2020A",
        "fPeriodEndDate": 44012,
        "curCode": "AUD"
      },
      {
        "revenue": 50460,
        "netIncome": -2004000,
        "period": "2019A",
        "fPeriodEndDate": 43646,
        "curCode": "AUD"
      }
    ]
  },
  {
    "symbol": "NEU",
    "displayName": "NEUREN PHARMACEUTICALS LIMITED",
    "industry": "Pharmaceuticals, Biotechnology & Life Sciences",
    "dateListed": "2005-02-03",
    "marketCap": 1111684127,
    "xid": "211169",
    "priceChangeFiveDayPercent": 6.6002490660025055,
    "isRecentListing": false,
    "priceAsk": 8.65,
    "priceBid": 8.46,
    "priceChange": -0.0600000000000005,
    "priceChangePercent": -0.6960556844547621,
    "priceLast": 8.56,
    "sector": "Health Care",
    "industryGroup": "Pharmaceuticals, Biotechnology & Life Sciences",
    "securityType": 1,
    "volume": 249733,
    "statusCode": "",
    "isin": "NZNEUE0001S8",
    "priceClose": 8.620000000000001,
    "priceDayHigh": 8.700000000000001,
    "priceDayLow": 8.25,
    "priceFiftyTwoWeekHigh": 8.795,
    "priceFiftyTwoWeekLow": 1.685,
    "volumeAverage": 421206.67033,
    "cashFlow": -9.653,
    "earningsPerShare": -0.0546,
    "freeCashFlowYield": -0.0000100000010000001,
    "priceEarningsRatio": -99999.99,
    "priceToCash": -99999.99,
    "foreignExempt": false,
    "shareDescription": "Ordinary Fully Paid",
    "numOfShares": 128965676,
    "yieldAnnual": 0,
    "incomeStatement": [
      {
        "revenue": 41000,
        "netIncome": -7794000,
        "period": "2021A",
        "fPeriodEndDate": 44561,
        "curCode": "AUD"
      },
      {
        "revenue": 147000,
        "netIncome": -9193000,
        "period": "2020A",
        "fPeriodEndDate": 44196,
        "curCode": "AUD"
      },
      {
        "revenue": 389000,
        "netIncome": -10816000,
        "period": "2019A",
        "fPeriodEndDate": 43830,
        "curCode": "AUD"
      },
      {
        "revenue": 13762000,
        "netIncome": 3073000,
        "period": "2018A",
        "fPeriodEndDate": 43465,
        "curCode": "AUD"
      }
    ]
  },
  {
    "symbol": "NSB",
    "displayName": "NEUROSCIENTIFIC BIOPHARMACEUTICALS LTD",
    "industry": "Pharmaceuticals, Biotechnology & Life Sciences",
    "dateListed": "2018-07-27",
    "marketCap": 14347164,
    "xid": "473314246",
    "priceChangeFiveDayPercent": 16.666666666666668,
    "isRecentListing": false,
    "priceAsk": 0.105,
    "priceBid": 0.096,
    "priceChange": 0.0049999999999999906,
    "priceChangePercent": 4.99999999999999,
    "priceLast": 0.105,
    "sector": "Health Care",
    "industryGroup": "Pharmaceuticals, Biotechnology & Life Sciences",
    "securityType": 1,
    "volume": 423622,
    "statusCode": "",
    "isin": "AU0000012973",
    "priceClose": 0.1,
    "priceDayHigh": 0.115,
    "priceDayLow": 0.105,
    "priceFiftyTwoWeekHigh": 0.375,
    "priceFiftyTwoWeekLow": 0.07,
    "volumeAverage": 329072.554217,
    "cashFlow": -6.9462,
    "earningsPerShare": -0.07273,
    "freeCashFlowYield": -0.0000100000010000001,
    "priceEarningsRatio": -99999.99,
    "priceToCash": -99999.99,
    "foreignExempt": false,
    "shareDescription": "Ordinary Fully Paid",
    "numOfShares": 143471643,
    "yieldAnnual": 0,
    "incomeStatement": [
      {
        "revenue": 68450,
        "netIncome": -10435350,
        "period": "2022A",
        "fPeriodEndDate": 44742,
        "curCode": "AUD"
      },
      {
        "revenue": 1045870,
        "netIncome": -3177830,
        "period": "2021A",
        "fPeriodEndDate": 44377,
        "curCode": "AUD"
      },
      {
        "revenue": 76270,
        "netIncome": -2868530,
        "period": "2020A",
        "fPeriodEndDate": 44012,
        "curCode": "AUD"
      },
      {
        "revenue": 119290,
        "netIncome": -1658910,
        "period": "2019A",
        "fPeriodEndDate": 43646,
        "curCode": "AUD"
      }
    ]
  },
  {
    "symbol": "NOX",
    "displayName": "NOXOPHARM LIMITED",
    "industry": "Pharmaceuticals, Biotechnology & Life Sciences",
    "dateListed": "2016-08-09",
    "marketCap": 46758072,
    "xid": "354040853",
    "priceChangeFiveDayPercent": 10.344827586206906,
    "isRecentListing": false,
    "priceAsk": 0.17500000000000002,
    "priceBid": 0.15,
    "priceChange": 0,
    "priceChangePercent": 0,
    "priceLast": 0.16,
    "sector": "Health Care",
    "industryGroup": "Pharmaceuticals, Biotechnology & Life Sciences",
    "securityType": 1,
    "volume": 129400,
    "statusCode": "",
    "isin": "AU000000NOX9",
    "priceClose": 0.16,
    "priceDayHigh": 0.165,
    "priceDayLow": 0.16,
    "priceFiftyTwoWeekHigh": 0.495,
    "priceFiftyTwoWeekLow": 0.135,
    "volumeAverage": 303271.087912,
    "cashFlow": -13.73353,
    "earningsPerShare": -0.06405,
    "freeCashFlowYield": -0.0000100000010000001,
    "priceEarningsRatio": -99999.99,
    "priceToCash": -99999.99,
    "foreignExempt": false,
    "shareDescription": "Ordinary Fully Paid",
    "numOfShares": 292237950,
    "yieldAnnual": 0,
    "incomeStatement": [
      {
        "revenue": 5450590,
        "netIncome": -18666810,
        "period": "2022A",
        "fPeriodEndDate": 44742,
        "curCode": "AUD"
      },
      {
        "revenue": 5747720,
        "netIncome": -9346750,
        "period": "2021A",
        "fPeriodEndDate": 44377,
        "curCode": "AUD"
      },
      {
        "revenue": 8343560,
        "netIncome": -272090,
        "period": "2020A",
        "fPeriodEndDate": 44012,
        "curCode": "AUD"
      },
      {
        "revenue": 3937360,
        "netIncome": -11222790,
        "period": "2019A",
        "fPeriodEndDate": 43646,
        "curCode": "AUD"
      }
    ]
  },
  {
    "symbol": "NYR",
    "displayName": "NYRADA INC.",
    "industry": "Pharmaceuticals, Biotechnology & Life Sciences",
    "dateListed": "2020-01-16",
    "marketCap": 21841218,
    "xid": "570849256",
    "priceChangeFiveDayPercent": 11.538461538461528,
    "isRecentListing": false,
    "priceAsk": 0.145,
    "priceBid": 0.13,
    "priceChange": 0.004999999999999977,
    "priceChangePercent": 3.5714285714285543,
    "priceLast": 0.145,
    "sector": "Health Care",
    "industryGroup": "Pharmaceuticals, Biotechnology & Life Sciences",
    "securityType": 1,
    "volume": 130000,
    "statusCode": "",
    "isin": "AU0000070195",
    "priceClose": 0.14,
    "priceDayHigh": 0.145,
    "priceDayLow": 0.14,
    "priceFiftyTwoWeekHigh": 0.28,
    "priceFiftyTwoWeekLow": 0.1,
    "volumeAverage": 88170.126761,
    "cashFlow": -2.92845,
    "earningsPerShare": -0.02532,
    "freeCashFlowYield": -0.0000100000010000001,
    "priceEarningsRatio": -99999.99,
    "priceToCash": -99999.99,
    "foreignExempt": false,
    "shareDescription": "Chess Depositary Interests 1:1 Us Prohibited",
    "numOfShares": 156008700,
    "yieldAnnual": 0,
    "incomeStatement": [
      {
        "revenue": 1107570,
        "netIncome": -3959660,
        "period": "2022A",
        "fPeriodEndDate": 44742,
        "curCode": "AUD"
      },
      {
        "revenue": 2340010,
        "netIncome": -3539250,
        "period": "2021A",
        "fPeriodEndDate": 44377,
        "curCode": "AUD"
      },
      {
        "revenue": 1075410,
        "netIncome": -5773670,
        "period": "2020A",
        "fPeriodEndDate": 44012,
        "curCode": "AUD"
      },
      {
        "revenue": 505700,
        "netIncome": -4095130,
        "period": "2019A",
        "fPeriodEndDate": 43646,
        "curCode": "AUD"
      }
    ]
  },
  {
    "symbol": "OSL",
    "displayName": "ONCOSIL MEDICAL LTD",
    "industry": "Pharmaceuticals, Biotechnology & Life Sciences",
    "dateListed": "2005-08-15",
    "marketCap": 45597144,
    "xid": "2754751",
    "priceChangeFiveDayPercent": 2.127659574468087,
    "isRecentListing": false,
    "priceAsk": 0.049,
    "priceBid": 0.047,
    "priceChange": 0.0020000000000000018,
    "priceChangePercent": 4.347826086956526,
    "priceLast": 0.048,
    "sector": "Health Care",
    "industryGroup": "Pharmaceuticals, Biotechnology & Life Sciences",
    "securityType": 1,
    "volume": 145984,
    "statusCode": "",
    "isin": "AU000000OSL3",
    "priceClose": 0.046,
    "priceDayHigh": 0.048,
    "priceDayLow": 0.047,
    "priceFiftyTwoWeekHigh": 0.08002,
    "priceFiftyTwoWeekLow": 0.0326,
    "volumeAverage": 728550.033333,
    "cashFlow": -10.11601,
    "earningsPerShare": -0.01324,
    "freeCashFlowYield": -0.0000100000010000001,
    "priceEarningsRatio": -99999.99,
    "priceToCash": -99999.99,
    "foreignExempt": false,
    "shareDescription": "Ordinary Fully Paid",
    "numOfShares": 991242262,
    "yieldAnnual": 0,
    "incomeStatement": [
      {
        "revenue": 1073520,
        "netIncome": -10726700,
        "period": "2022A",
        "fPeriodEndDate": 44742,
        "curCode": "AUD"
      },
      {
        "revenue": 1380810,
        "netIncome": -10433520,
        "period": "2021A",
        "fPeriodEndDate": 44377,
        "curCode": "AUD"
      },
      {
        "revenue": 2868690,
        "netIncome": -4261900,
        "period": "2020A",
        "fPeriodEndDate": 44012,
        "curCode": "AUD"
      },
      {
        "revenue": 3830190,
        "netIncome": -8566730,
        "period": "2019A",
        "fPeriodEndDate": 43646,
        "curCode": "AUD"
      }
    ]
  },
  {
    "symbol": "OPT",
    "displayName": "OPTHEA LIMITED",
    "industry": "Pharmaceuticals, Biotechnology & Life Sciences",
    "dateListed": "1991-04-18",
    "marketCap": 450938070,
    "xid": "75923",
    "priceChangeFiveDayPercent": -4.020100502512555,
    "isRecentListing": false,
    "priceAsk": 0.97,
    "priceBid": 0.9500000000000001,
    "priceChange": -0.014999999999999902,
    "priceChangePercent": -1.5463917525773097,
    "priceLast": 0.9550000000000001,
    "sector": "Health Care",
    "industryGroup": "Pharmaceuticals, Biotechnology & Life Sciences",
    "securityType": 1,
    "volume": 548207,
    "statusCode": "",
    "isin": "AU000000OPT2",
    "priceClose": 0.97,
    "priceDayHigh": 0.985,
    "priceDayLow": 0.9500000000000001,
    "priceFiftyTwoWeekHigh": 1.395,
    "priceFiftyTwoWeekLow": 0.79,
    "volumeAverage": 463268.348315,
    "cashFlow": -108.0267,
    "earningsPerShare": -0.39973,
    "freeCashFlowYield": -0.0000100000010000001,
    "priceEarningsRatio": -99999.99,
    "priceToCash": -99999.99,
    "foreignExempt": false,
    "shareDescription": "Ordinary Fully Paid",
    "numOfShares": 464884608,
    "yieldAnnual": 0,
    "incomeStatement": [
      {
        "revenue": 90680,
        "netIncome": -92817370,
        "period": "2022A",
        "fPeriodEndDate": 44742,
        "curCode": "USD"
      },
      {
        "revenue": 68610,
        "netIncome": -45344500,
        "period": "2021A",
        "fPeriodEndDate": 44377,
        "curCode": "USD"
      },
      {
        "revenue": 59060,
        "netIncome": -11123200,
        "period": "2020A",
        "fPeriodEndDate": 44012,
        "curCode": "USD"
      },
      {
        "revenue": 109800,
        "netIncome": -14434170,
        "period": "2019A",
        "fPeriodEndDate": 43646,
        "curCode": "USD"
      }
    ]
  },
  {
    "symbol": "OCC",
    "displayName": "ORTHOCELL LIMITED",
    "industry": "Pharmaceuticals, Biotechnology & Life Sciences",
    "dateListed": "2014-08-12",
    "marketCap": 97615520,
    "xid": "77414939",
    "priceChangeFiveDayPercent": 1.0526315789473695,
    "isRecentListing": false,
    "priceAsk": 0.495,
    "priceBid": 0.48,
    "priceChange": -0.015000000000000013,
    "priceChangePercent": -3.030303030303033,
    "priceLast": 0.48,
    "sector": "Health Care",
    "industryGroup": "Pharmaceuticals, Biotechnology & Life Sciences",
    "securityType": 1,
    "volume": 81159,
    "statusCode": "",
    "isin": "AU000000OCC6",
    "priceClose": 0.495,
    "priceDayHigh": 0.495,
    "priceDayLow": 0.47500000000000003,
    "priceFiftyTwoWeekHigh": 0.59,
    "priceFiftyTwoWeekLow": 0.3,
    "volumeAverage": 170439.11236,
    "cashFlow": -6.79648,
    "earningsPerShare": -0.04679,
    "freeCashFlowYield": -0.0000100000010000001,
    "priceEarningsRatio": -99999.99,
    "priceToCash": -99999.99,
    "foreignExempt": false,
    "shareDescription": "Ordinary Fully Paid",
    "numOfShares": 197203071,
    "yieldAnnual": 0,
    "incomeStatement": [
      {
        "revenue": 1615850,
        "netIncome": -9106590,
        "period": "2022A",
        "fPeriodEndDate": 44742,
        "curCode": "AUD"
      },
      {
        "revenue": 1217200,
        "netIncome": -9037030,
        "period": "2021A",
        "fPeriodEndDate": 44377,
        "curCode": "AUD"
      },
      {
        "revenue": 835910,
        "netIncome": -6151030,
        "period": "2020A",
        "fPeriodEndDate": 44012,
        "curCode": "AUD"
      },
      {
        "revenue": 956470,
        "netIncome": -5852210,
        "period": "2019A",
        "fPeriodEndDate": 43646,
        "curCode": "AUD"
      }
    ]
  },
  {
    "symbol": "PEB",
    "displayName": "PACIFIC EDGE LIMITED",
    "industry": "Pharmaceuticals, Biotechnology & Life Sciences",
    "dateListed": "2021-09-27",
    "marketCap": 332173889,
    "xid": "678185131",
    "priceChangeFiveDayPercent": 1.3539305178355568e-14,
    "isRecentListing": false,
    "priceBid": 0.41000000000000003,
    "priceChange": 0,
    "priceChangePercent": 0,
    "priceLast": 0.41000000000000003,
    "sector": "Health Care",
    "industryGroup": "Pharmaceuticals, Biotechnology & Life Sciences",
    "securityType": 1,
    "volume": 0,
    "statusCode": "",
    "isin": "NZPEBE0002S1",
    "priceClose": 0.41000000000000003,
    "priceFiftyTwoWeekHigh": 1.34,
    "priceFiftyTwoWeekLow": 0.365,
    "volumeAverage": 13874.266667,
    "cashFlow": -99999.99,
    "earningsPerShare": -0.02573,
    "freeCashFlowYield": -0.0000100000010000001,
    "priceEarningsRatio": -99999.99,
    "priceToCash": -99999.99,
    "foreignExempt": true,
    "shareDescription": "Ordinary Fully Paid Foreign Exempt Nzx",
    "numOfShares": 810180218,
    "yieldAnnual": 0,
    "incomeStatement": [
      {
        "revenue": 11445000,
        "netIncome": -19788000,
        "period": "2022A",
        "fPeriodEndDate": 44651,
        "curCode": "NZD"
      },
      {
        "revenue": 7701000,
        "netIncome": -14223000,
        "period": "2021A",
        "fPeriodEndDate": 44286,
        "curCode": "NZD"
      },
      {
        "revenue": 4370000,
        "netIncome": -18886000,
        "period": "2020A",
        "fPeriodEndDate": 43921,
        "curCode": "NZD"
      },
      {
        "revenue": 3817000,
        "netIncome": -17918000,
        "period": "2019A",
        "fPeriodEndDate": 43555,
        "curCode": "NZD"
      }
    ]
  },
  {
    "symbol": "PAR",
    "displayName": "PARADIGM BIOPHARMACEUTICALS LIMITED..",
    "industry": "Pharmaceuticals, Biotechnology & Life Sciences",
    "dateListed": "2015-08-19",
    "marketCap": 441763876,
    "xid": "82356078",
    "priceChangeFiveDayPercent": -4.430379746835447,
    "isRecentListing": false,
    "priceAsk": 1.54,
    "priceBid": 1.5,
    "priceChange": -0.040000000000000036,
    "priceChangePercent": -2.5806451612903247,
    "priceLast": 1.51,
    "sector": "Health Care",
    "industryGroup": "Pharmaceuticals, Biotechnology & Life Sciences",
    "securityType": 1,
    "volume": 526686,
    "statusCode": "",
    "isin": "AU000000PAR5",
    "priceClose": 1.55,
    "priceDayHigh": 1.6,
    "priceDayLow": 1.49,
    "priceFiftyTwoWeekHigh": 2.28344,
    "priceFiftyTwoWeekLow": 0.84884,
    "volumeAverage": 777379.638723,
    "cashFlow": -32.20527,
    "earningsPerShare": -0.16786,
    "freeCashFlowYield": -0.0000100000010000001,
    "priceEarningsRatio": -99999.99,
    "priceToCash": -99999.99,
    "foreignExempt": false,
    "shareDescription": "Ordinary Fully Paid",
    "numOfShares": 285008952,
    "yieldAnnual": 0,
    "incomeStatement": [
      {
        "revenue": 7893570,
        "netIncome": -39249580,
        "period": "2022A",
        "fPeriodEndDate": 44742,
        "curCode": "AUD"
      },
      {
        "revenue": 8578380,
        "netIncome": -34297180,
        "period": "2021A",
        "fPeriodEndDate": 44377,
        "curCode": "AUD"
      },
      {
        "revenue": 4645490,
        "netIncome": -12298890,
        "period": "2020A",
        "fPeriodEndDate": 44012,
        "curCode": "AUD"
      },
      {
        "revenue": 3245630,
        "netIncome": -15627540,
        "period": "2019A",
        "fPeriodEndDate": 43646,
        "curCode": "AUD"
      }
    ]
  },
  {
    "symbol": "PAB",
    "displayName": "PATRYS LIMITED",
    "industry": "Pharmaceuticals, Biotechnology & Life Sciences",
    "dateListed": "2007-07-13",
    "marketCap": 41139995,
    "xid": "7892774",
    "priceChangeFiveDayPercent": 0,
    "isRecentListing": false,
    "priceAsk": 0.02,
    "priceBid": 0.019,
    "priceChange": -0.0010000000000000009,
    "priceChangePercent": -5.000000000000004,
    "priceLast": 0.019,
    "sector": "Health Care",
    "industryGroup": "Pharmaceuticals, Biotechnology & Life Sciences",
    "securityType": 1,
    "volume": 98627,
    "statusCode": "",
    "isin": "AU000000PAB9",
    "priceClose": 0.02,
    "priceDayHigh": 0.02,
    "priceDayLow": 0.019,
    "priceFiftyTwoWeekHigh": 0.045,
    "priceFiftyTwoWeekLow": 0.018,
    "volumeAverage": 1633410.43956,
    "cashFlow": -8.6815,
    "earningsPerShare": -0.00352,
    "freeCashFlowYield": -0.0000100000010000001,
    "priceEarningsRatio": -99999.99,
    "priceToCash": -99999.99,
    "foreignExempt": false,
    "shareDescription": "Ordinary Fully Paid",
    "numOfShares": 2056999757,
    "yieldAnnual": 0,
    "incomeStatement": [
      {
        "revenue": 3333580,
        "netIncome": -6780360,
        "period": "2022A",
        "fPeriodEndDate": 44742,
        "curCode": "AUD"
      },
      {
        "revenue": 1338380,
        "netIncome": -4062920,
        "period": "2021A",
        "fPeriodEndDate": 44377,
        "curCode": "AUD"
      },
      {
        "revenue": 772840,
        "netIncome": -2748540,
        "period": "2020A",
        "fPeriodEndDate": 44012,
        "curCode": "AUD"
      },
      {
        "revenue": 844370,
        "netIncome": -411330,
        "period": "2019A",
        "fPeriodEndDate": 43646,
        "curCode": "AUD"
      }
    ]
  },
  {
    "symbol": "PAA",
    "displayName": "PHARMAUST LIMITED",
    "industry": "Pharmaceuticals, Biotechnology & Life Sciences",
    "dateListed": "2001-10-05",
    "marketCap": 22500779,
    "xid": "224934",
    "priceChangeFiveDayPercent": 1.3513513513513526,
    "isRecentListing": false,
    "priceAsk": 0.075,
    "priceBid": 0.07100000000000001,
    "priceChange": 0.00399999999999999,
    "priceChangePercent": 5.633802816901393,
    "priceLast": 0.075,
    "sector": "Health Care",
    "industryGroup": "Pharmaceuticals, Biotechnology & Life Sciences",
    "securityType": 1,
    "volume": 26000,
    "statusCode": "",
    "isin": "AU000000PAA1",
    "priceClose": 0.07100000000000001,
    "priceDayHigh": 0.075,
    "priceDayLow": 0.075,
    "priceFiftyTwoWeekHigh": 0.115,
    "priceFiftyTwoWeekLow": 0.065,
    "volumeAverage": 136838.505747,
    "cashFlow": -1.37564,
    "earningsPerShare": -0.00541,
    "freeCashFlowYield": -0.0000100000010000001,
    "priceEarningsRatio": -99999.99,
    "priceToCash": -99999.99,
    "foreignExempt": false,
    "shareDescription": "Ordinary Fully Paid",
    "numOfShares": 316912383,
    "yieldAnnual": 0,
    "incomeStatement": [
      {
        "revenue": 4510710,
        "netIncome": -1708210,
        "period": "2022A",
        "fPeriodEndDate": 44742,
        "curCode": "AUD"
      },
      {
        "revenue": 3671650,
        "netIncome": -1337310,
        "period": "2021A",
        "fPeriodEndDate": 44377,
        "curCode": "AUD"
      },
      {
        "revenue": 4123410,
        "netIncome": -1361990,
        "period": "2020A",
        "fPeriodEndDate": 44012,
        "curCode": "AUD"
      },
      {
        "revenue": 4364550,
        "netIncome": -1551220,
        "period": "2019A",
        "fPeriodEndDate": 43646,
        "curCode": "AUD"
      }
    ]
  },
  {
    "symbol": "PXS",
    "displayName": "PHARMAXIS LTD",
    "industry": "Pharmaceuticals, Biotechnology & Life Sciences",
    "dateListed": "2003-11-10",
    "marketCap": 40607872,
    "xid": "236716",
    "priceChangeFiveDayPercent": 0,
    "isRecentListing": false,
    "priceAsk": 0.066,
    "priceBid": 0.065,
    "priceChange": 0.0010000000000000009,
    "priceChangePercent": 1.5625000000000013,
    "priceLast": 0.065,
    "sector": "Health Care",
    "industryGroup": "Pharmaceuticals, Biotechnology & Life Sciences",
    "securityType": 1,
    "volume": 34974,
    "statusCode": "",
    "isin": "AU000000PXS5",
    "priceClose": 0.064,
    "priceDayHigh": 0.066,
    "priceDayLow": 0.065,
    "priceFiftyTwoWeekHigh": 0.125,
    "priceFiftyTwoWeekLow": 0.062,
    "volumeAverage": 298982.068966,
    "cashFlow": -16.409,
    "earningsPerShare": -0.00829,
    "freeCashFlowYield": 0.03206275065055321,
    "priceEarningsRatio": -99999.99,
    "priceToCash": 31.18884,
    "foreignExempt": false,
    "shareDescription": "Ordinary Fully Paid",
    "numOfShares": 634498005,
    "yieldAnnual": 0,
    "incomeStatement": [
      {
        "revenue": 14822000,
        "netIncome": -1936000,
        "period": "2022A",
        "fPeriodEndDate": 44742,
        "curCode": "AUD"
      },
      {
        "revenue": 22845000,
        "netIncome": -2970000,
        "period": "2021A",
        "fPeriodEndDate": 44377,
        "curCode": "AUD"
      },
      {
        "revenue": 12550000,
        "netIncome": -13943000,
        "period": "2020A",
        "fPeriodEndDate": 44012,
        "curCode": "AUD"
      },
      {
        "revenue": 12547000,
        "netIncome": -20058000,
        "period": "2019A",
        "fPeriodEndDate": 43646,
        "curCode": "AUD"
      }
    ]
  },
  {
    "symbol": "PTX",
    "displayName": "PRESCIENT THERAPEUTICS LIMITED",
    "industry": "Pharmaceuticals, Biotechnology & Life Sciences",
    "dateListed": "1986-12-19",
    "marketCap": 104372384,
    "xid": "280607",
    "priceChangeFiveDayPercent": 0,
    "isRecentListing": false,
    "priceAsk": 0.15,
    "priceBid": 0.145,
    "priceChange": 0.0050000000000000044,
    "priceChangePercent": 3.448275862068969,
    "priceLast": 0.15,
    "sector": "Health Care",
    "industryGroup": "Pharmaceuticals, Biotechnology & Life Sciences",
    "securityType": 1,
    "volume": 116283,
    "statusCode": "",
    "isin": "AU000000PTX3",
    "priceClose": 0.145,
    "priceDayHigh": 0.15,
    "priceDayLow": 0.145,
    "priceFiftyTwoWeekHigh": 0.26,
    "priceFiftyTwoWeekLow": 0.115,
    "volumeAverage": 873756.258427,
    "cashFlow": -4.31709,
    "earningsPerShare": -0.0079,
    "freeCashFlowYield": -0.0000100000010000001,
    "priceEarningsRatio": -99999.99,
    "priceToCash": -99999.99,
    "foreignExempt": false,
    "shareDescription": "Ordinary Fully Paid",
    "numOfShares": 719809546,
    "yieldAnnual": 0,
    "incomeStatement": [
      {
        "revenue": 44180,
        "netIncome": -5117180,
        "period": "2022A",
        "fPeriodEndDate": 44742,
        "curCode": "AUD"
      },
      {
        "revenue": 66290,
        "netIncome": -4148820,
        "period": "2021A",
        "fPeriodEndDate": 44377,
        "curCode": "AUD"
      },
      {
        "revenue": 70360,
        "netIncome": -3321190,
        "period": "2020A",
        "fPeriodEndDate": 44012,
        "curCode": "AUD"
      },
      {
        "revenue": 72110,
        "netIncome": -3797230,
        "period": "2019A",
        "fPeriodEndDate": 43646,
        "curCode": "AUD"
      }
    ]
  },
  {
    "symbol": "PBP",
    "displayName": "PROBIOTEC LIMITED",
    "industry": "Pharmaceuticals, Biotechnology & Life Sciences",
    "dateListed": "2006-11-14",
    "marketCap": 180537961,
    "xid": "5892638",
    "priceChangeFiveDayPercent": -1.8018018018018032,
    "isRecentListing": false,
    "priceAsk": 2.22,
    "priceBid": 2.18,
    "priceChange": -0.040000000000000036,
    "priceChangePercent": -1.8018018018018032,
    "priceLast": 2.18,
    "sector": "Health Care",
    "industryGroup": "Pharmaceuticals, Biotechnology & Life Sciences",
    "securityType": 1,
    "volume": 93903,
    "statusCode": "",
    "isin": "AU000000PBP7",
    "priceClose": 2.22,
    "priceDayHigh": 2.19,
    "priceDayLow": 2.14,
    "priceFiftyTwoWeekHigh": 2.41,
    "priceFiftyTwoWeekLow": 2.02,
    "volumeAverage": 23135.606742,
    "dateExDate": "2022-09-07",
    "datePayDate": "2022-09-15",
    "dateRecordDate": "2022-09-08",
    "dividend": 0.035,
    "dividendType": "F",
    "frankingPercent": 100,
    "cashFlow": 8.61159,
    "earningsPerShare": 0.16987,
    "freeCashFlowYield": 0.08940849130323605,
    "priceEarningsRatio": 13.06882,
    "priceToCash": 11.18462,
    "foreignExempt": false,
    "shareDescription": "Ordinary Fully Paid",
    "numOfShares": 81323406,
    "yieldAnnual": 2.5229357798165135,
    "incomeStatement": [
      {
        "revenue": 182327580,
        "netIncome": 13706660,
        "period": "2022A",
        "fPeriodEndDate": 44742,
        "curCode": "AUD"
      },
      {
        "revenue": 120506880,
        "netIncome": 4846030,
        "period": "2021A",
        "fPeriodEndDate": 44377,
        "curCode": "AUD"
      },
      {
        "revenue": 107219980,
        "netIncome": 3506200,
        "period": "2020A",
        "fPeriodEndDate": 44012,
        "curCode": "AUD"
      },
      {
        "revenue": 73236590,
        "netIncome": 11330890,
        "period": "2019A",
        "fPeriodEndDate": 43646,
        "curCode": "AUD"
      }
    ]
  },
  {
    "symbol": "PIQ",
    "displayName": "PROTEOMICS INTERNATIONAL LABORATORIES LTD",
    "industry": "Pharmaceuticals, Biotechnology & Life Sciences",
    "dateListed": "2015-04-16",
    "marketCap": 102035717,
    "xid": "80536810",
    "priceChangeFiveDayPercent": -1.1049723756906087,
    "isRecentListing": false,
    "priceAsk": 0.9500000000000001,
    "priceBid": 0.88,
    "priceChange": 0.010000000000000009,
    "priceChangePercent": 1.1299435028248597,
    "priceLast": 0.895,
    "sector": "Health Care",
    "industryGroup": "Pharmaceuticals, Biotechnology & Life Sciences",
    "securityType": 1,
    "volume": 1100,
    "statusCode": "",
    "isin": "AU000000PIQ0",
    "priceClose": 0.885,
    "priceDayHigh": 0.895,
    "priceDayLow": 0.895,
    "priceFiftyTwoWeekHigh": 1.35,
    "priceFiftyTwoWeekLow": 0.715,
    "volumeAverage": 100720.069767,
    "cashFlow": -3.66942,
    "earningsPerShare": -0.04714,
    "freeCashFlowYield": -0.0000100000010000001,
    "priceEarningsRatio": -99999.99,
    "priceToCash": -99999.99,
    "foreignExempt": false,
    "shareDescription": "Ordinary Fully Paid",
    "numOfShares": 115294595,
    "yieldAnnual": 0,
    "incomeStatement": [
      {
        "revenue": 1724560,
        "netIncome": -4972960,
        "period": "2022A",
        "fPeriodEndDate": 44742,
        "curCode": "AUD"
      },
      {
        "revenue": 1465430,
        "netIncome": -2859660,
        "period": "2021A",
        "fPeriodEndDate": 44377,
        "curCode": "AUD"
      },
      {
        "revenue": 1610730,
        "netIncome": -1743770,
        "period": "2020A",
        "fPeriodEndDate": 44012,
        "curCode": "AUD"
      },
      {
        "revenue": 1516320,
        "netIncome": -2080280,
        "period": "2019A",
        "fPeriodEndDate": 43646,
        "curCode": "AUD"
      }
    ]
  },
  {
    "symbol": "PYC",
    "displayName": "PYC THERAPEUTICS LIMITED",
    "industry": "Pharmaceuticals, Biotechnology & Life Sciences",
    "dateListed": "2005-03-30",
    "marketCap": 225845753,
    "xid": "1534841",
    "priceChangeFiveDayPercent": 1.3698630136986314,
    "isRecentListing": false,
    "priceAsk": 0.077,
    "priceBid": 0.074,
    "priceChange": 0.002999999999999989,
    "priceChangePercent": 4.22535211267604,
    "priceLast": 0.074,
    "sector": "Health Care",
    "industryGroup": "Pharmaceuticals, Biotechnology & Life Sciences",
    "securityType": 1,
    "volume": 296726,
    "statusCode": "",
    "isin": "AU000000PYC7",
    "priceClose": 0.07100000000000001,
    "priceDayHigh": 0.074,
    "priceDayLow": 0.07200000000000001,
    "priceFiftyTwoWeekHigh": 0.155,
    "priceFiftyTwoWeekLow": 0.058,
    "volumeAverage": 456924.393258,
    "cashFlow": -22.16919,
    "earningsPerShare": -0.00436,
    "freeCashFlowYield": -0.0000100000010000001,
    "priceEarningsRatio": -99999.99,
    "priceToCash": -99999.99,
    "foreignExempt": false,
    "shareDescription": "Ordinary Fully Paid",
    "numOfShares": 3180926103,
    "yieldAnnual": 0,
    "incomeStatement": [
      {
        "revenue": 16067250,
        "netIncome": -13863160,
        "period": "2022A",
        "fPeriodEndDate": 44742,
        "curCode": "AUD"
      },
      {
        "revenue": 3182870,
        "netIncome": -17767590,
        "period": "2021A",
        "fPeriodEndDate": 44377,
        "curCode": "AUD"
      },
      {
        "revenue": 2602740,
        "netIncome": -6822220,
        "period": "2020A",
        "fPeriodEndDate": 44012,
        "curCode": "AUD"
      },
      {
        "revenue": 250,
        "netIncome": -4079770,
        "period": "2019A",
        "fPeriodEndDate": 43646,
        "curCode": "AUD"
      }
    ]
  },
  {
    "symbol": "RAC",
    "displayName": "RACE ONCOLOGY LTD",
    "industry": "Pharmaceuticals, Biotechnology & Life Sciences",
    "dateListed": "2016-07-13",
    "marketCap": 364295787,
    "xid": "355053662",
    "priceChangeFiveDayPercent": 5.990783410138264,
    "isRecentListing": false,
    "priceAsk": 2.33,
    "priceBid": 2.3000000000000003,
    "priceChange": 0.040000000000000036,
    "priceChangePercent": 1.7699115044247802,
    "priceLast": 2.3000000000000003,
    "sector": "Health Care",
    "industryGroup": "Pharmaceuticals, Biotechnology & Life Sciences",
    "securityType": 1,
    "volume": 226099,
    "statusCode": "",
    "isin": "AU000000RAC3",
    "priceClose": 2.2600000000000002,
    "priceDayHigh": 2.44,
    "priceDayLow": 2.2600000000000002,
    "priceFiftyTwoWeekHigh": 3.78,
    "priceFiftyTwoWeekLow": 1.45,
    "volumeAverage": 101607.186813,
    "cashFlow": -6.25784,
    "earningsPerShare": -0.07277,
    "freeCashFlowYield": -0.0000100000010000001,
    "priceEarningsRatio": -99999.99,
    "priceToCash": -99999.99,
    "foreignExempt": false,
    "shareDescription": "Ordinary Fully Paid",
    "numOfShares": 161192826,
    "yieldAnnual": 0,
    "incomeStatement": [
      {
        "revenue": 53920,
        "netIncome": -11201980,
        "period": "2022A",
        "fPeriodEndDate": 44742,
        "curCode": "AUD"
      },
      {
        "revenue": 18850,
        "netIncome": -6340320,
        "period": "2021A",
        "fPeriodEndDate": 44377,
        "curCode": "AUD"
      },
      {
        "revenue": 9320,
        "netIncome": -3845970,
        "period": "2020A",
        "fPeriodEndDate": 44012,
        "curCode": "AUD"
      },
      {
        "revenue": 17360,
        "netIncome": -3659400,
        "period": "2019A",
        "fPeriodEndDate": 43646,
        "curCode": "AUD"
      }
    ]
  },
  {
    "symbol": "RAD",
    "displayName": "RADIOPHARM THERANOSTICS LIMITED",
    "industry": "Pharmaceuticals, Biotechnology & Life Sciences",
    "dateListed": "2021-11-25",
    "marketCap": 34093069,
    "xid": "686169670",
    "priceChangeFiveDayPercent": 0,
    "isRecentListing": false,
    "priceAsk": 0.115,
    "priceBid": 0.11,
    "priceChange": 0,
    "priceChangePercent": 0,
    "priceLast": 0.115,
    "sector": "Health Care",
    "industryGroup": "Pharmaceuticals, Biotechnology & Life Sciences",
    "securityType": 1,
    "volume": 58788,
    "statusCode": "",
    "isin": "AU0000181851",
    "priceClose": 0.115,
    "priceDayHigh": 0.12,
    "priceDayLow": 0.115,
    "priceFiftyTwoWeekHigh": 0.47852,
    "priceFiftyTwoWeekLow": 0.11,
    "volumeAverage": 349415.390712,
    "cashFlow": -38.24547,
    "earningsPerShare": -0.18175,
    "freeCashFlowYield": -0.0000100000010000001,
    "priceEarningsRatio": -99999.99,
    "priceToCash": -99999.99,
    "foreignExempt": false,
    "shareDescription": "Ordinary Fully Paid",
    "numOfShares": 296461470,
    "yieldAnnual": 0,
    "incomeStatement": [
      {
        "revenue": 0,
        "netIncome": -30420010,
        "period": "2022A",
        "fPeriodEndDate": 44742,
        "curCode": "AUD"
      },
      {
        "revenue": 0,
        "netIncome": -485190,
        "period": "2021A",
        "fPeriodEndDate": 44377,
        "curCode": "AUD"
      }
    ]
  },
  {
    "symbol": "RCE",
    "displayName": "RECCE PHARMACEUTICALS LTD",
    "industry": "Pharmaceuticals, Biotechnology & Life Sciences",
    "dateListed": "2016-01-15",
    "marketCap": 120203534,
    "xid": "324635999",
    "priceChangeFiveDayPercent": 3.030303030303033,
    "isRecentListing": false,
    "priceAsk": 0.68,
    "priceBid": 0.675,
    "priceChange": 0.0050000000000000044,
    "priceChangePercent": 0.7407407407407414,
    "priceLast": 0.68,
    "sector": "Health Care",
    "industryGroup": "Pharmaceuticals, Biotechnology & Life Sciences",
    "securityType": 1,
    "volume": 75881,
    "statusCode": "",
    "isin": "AU000000RCE5",
    "priceClose": 0.675,
    "priceDayHigh": 0.6900000000000001,
    "priceDayLow": 0.675,
    "priceFiftyTwoWeekHigh": 1.38,
    "priceFiftyTwoWeekLow": 0.55,
    "volumeAverage": 80066.769231,
    "cashFlow": -9.05061,
    "earningsPerShare": -0.18273,
    "freeCashFlowYield": -0.0000100000010000001,
    "priceEarningsRatio": -99999.99,
    "priceToCash": -99999.99,
    "foreignExempt": false,
    "shareDescription": "Ordinary Fully Paid",
    "numOfShares": 178079310,
    "yieldAnnual": 0,
    "incomeStatement": [
      {
        "revenue": 3175950,
        "netIncome": -10986280,
        "period": "2022A",
        "fPeriodEndDate": 44742,
        "curCode": "AUD"
      },
      {
        "revenue": 1963250,
        "netIncome": -13513370,
        "period": "2021A",
        "fPeriodEndDate": 44377,
        "curCode": "AUD"
      },
      {
        "revenue": 1147530,
        "netIncome": -4316740,
        "period": "2020A",
        "fPeriodEndDate": 44012,
        "curCode": "AUD"
      },
      {
        "revenue": 686620,
        "netIncome": -2789200,
        "period": "2019A",
        "fPeriodEndDate": 43646,
        "curCode": "AUD"
      }
    ]
  },
  {
    "symbol": "RGS",
    "displayName": "REGENEUS LTD",
    "industry": "Pharmaceuticals, Biotechnology & Life Sciences",
    "dateListed": "2013-09-19",
    "marketCap": 14402535,
    "xid": "67701075",
    "priceChangeFiveDayPercent": 19.51219512195122,
    "isRecentListing": false,
    "priceAsk": 0.053,
    "priceBid": 0.045,
    "priceChange": 0.0020000000000000018,
    "priceChangePercent": 4.255319148936174,
    "priceLast": 0.049,
    "sector": "Health Care",
    "industryGroup": "Pharmaceuticals, Biotechnology & Life Sciences",
    "securityType": 1,
    "volume": 55000,
    "statusCode": "",
    "isin": "AU000000RGS6",
    "priceClose": 0.047,
    "priceDayHigh": 0.049,
    "priceDayLow": 0.045,
    "priceFiftyTwoWeekHigh": 0.094,
    "priceFiftyTwoWeekLow": 0.038,
    "volumeAverage": 78884.117647,
    "cashFlow": -3.59974,
    "earningsPerShare": -0.0141,
    "freeCashFlowYield": -0.0000100000010000001,
    "priceEarningsRatio": -99999.99,
    "priceToCash": -99999.99,
    "foreignExempt": false,
    "shareDescription": "Ordinary Fully Paid",
    "numOfShares": 306436914,
    "yieldAnnual": 0,
    "incomeStatement": [
      {
        "revenue": 0,
        "netIncome": -4309730,
        "period": "2022A",
        "fPeriodEndDate": 44742,
        "curCode": "AUD"
      },
      {
        "revenue": 7067030,
        "netIncome": 2759060,
        "period": "2021A",
        "fPeriodEndDate": 44377,
        "curCode": "AUD"
      },
      {
        "revenue": 1663350,
        "netIncome": -1069050,
        "period": "2020A",
        "fPeriodEndDate": 44012,
        "curCode": "AUD"
      },
      {
        "revenue": 0,
        "netIncome": -6024600,
        "period": "2019A",
        "fPeriodEndDate": 43646,
        "curCode": "AUD"
      }
    ]
  },
  {
    "symbol": "RNO",
    "displayName": "RHINOMED LIMITED",
    "industry": "Pharmaceuticals, Biotechnology & Life Sciences",
    "dateListed": "2007-09-21",
    "marketCap": 34286363,
    "xid": "56819080",
    "priceChangeFiveDayPercent": 9.090909090909086,
    "isRecentListing": false,
    "priceAsk": 0.13,
    "priceBid": 0.12,
    "priceChange": 0,
    "priceChangePercent": 0,
    "priceLast": 0.12,
    "sector": "Health Care",
    "industryGroup": "Pharmaceuticals, Biotechnology & Life Sciences",
    "securityType": 1,
    "volume": 94459,
    "statusCode": "",
    "isin": "AU000000RNO1",
    "priceClose": 0.12,
    "priceDayHigh": 0.13,
    "priceDayLow": 0.12,
    "priceFiftyTwoWeekHigh": 0.32282,
    "priceFiftyTwoWeekLow": 0.1,
    "volumeAverage": 66705.412698,
    "cashFlow": -6.62024,
    "earningsPerShare": -0.0203,
    "freeCashFlowYield": -0.0000100000010000001,
    "priceEarningsRatio": -99999.99,
    "priceToCash": -99999.99,
    "foreignExempt": false,
    "shareDescription": "Ordinary Fully Paid",
    "numOfShares": 285719694,
    "yieldAnnual": 0,
    "incomeStatement": [
      {
        "revenue": 9104730,
        "netIncome": -5281040,
        "period": "2022A",
        "fPeriodEndDate": 44742,
        "curCode": "AUD"
      },
      {
        "revenue": 3894910,
        "netIncome": -8638930,
        "period": "2021A",
        "fPeriodEndDate": 44377,
        "curCode": "AUD"
      },
      {
        "revenue": 3579260,
        "netIncome": -7266220,
        "period": "2020A",
        "fPeriodEndDate": 44012,
        "curCode": "AUD"
      },
      {
        "revenue": 3303660,
        "netIncome": -5940740,
        "period": "2019A",
        "fPeriodEndDate": 43646,
        "curCode": "AUD"
      }
    ]
  },
  {
    "symbol": "SPL",
    "displayName": "STARPHARMA HOLDINGS LIMITED",
    "industry": "Pharmaceuticals, Biotechnology & Life Sciences",
    "dateListed": "2000-09-28",
    "marketCap": 216691797,
    "xid": "258471",
    "priceChangeFiveDayPercent": -2.7272727272727293,
    "isRecentListing": false,
    "priceAsk": 0.535,
    "priceBid": 0.51,
    "priceChange": 0.0050000000000000044,
    "priceChangePercent": 0.9433962264150951,
    "priceLast": 0.535,
    "sector": "Health Care",
    "industryGroup": "Pharmaceuticals, Biotechnology & Life Sciences",
    "securityType": 1,
    "volume": 317166,
    "statusCode": "",
    "isin": "AU000000SPL0",
    "priceClose": 0.53,
    "priceDayHigh": 0.54,
    "priceDayLow": 0.51,
    "priceFiftyTwoWeekHigh": 1.375,
    "priceFiftyTwoWeekLow": 0.49,
    "volumeAverage": 504692.307692,
    "cashFlow": -13.999,
    "earningsPerShare": -0.0397,
    "freeCashFlowYield": -0.0000100000010000001,
    "priceEarningsRatio": -99999.99,
    "priceToCash": -99999.99,
    "foreignExempt": false,
    "shareDescription": "Ordinary Fully Paid",
    "numOfShares": 408852447,
    "yieldAnnual": 0,
    "incomeStatement": [
      {
        "revenue": 5162000,
        "netIncome": -16154000,
        "period": "2022A",
        "fPeriodEndDate": 44742,
        "curCode": "AUD"
      },
      {
        "revenue": 3487000,
        "netIncome": -19732000,
        "period": "2021A",
        "fPeriodEndDate": 44377,
        "curCode": "AUD"
      },
      {
        "revenue": 7115000,
        "netIncome": -14678000,
        "period": "2020A",
        "fPeriodEndDate": 44012,
        "curCode": "AUD"
      },
      {
        "revenue": 2720000,
        "netIncome": -14254000,
        "period": "2019A",
        "fPeriodEndDate": 43646,
        "curCode": "AUD"
      }
    ]
  },
  {
    "symbol": "SCU",
    "displayName": "STEMCELL UNITED LIMITED",
    "industry": "Pharmaceuticals, Biotechnology & Life Sciences",
    "dateListed": "2000-06-13",
    "marketCap": -1,
    "xid": "40134",
    "priceChangeFiveDayPercent": 0,
    "isRecentListing": false,
    "priceChange": 0,
    "priceChangePercent": 0,
    "priceLast": 0.014,
    "sector": "Health Care",
    "industryGroup": "Pharmaceuticals, Biotechnology & Life Sciences",
    "securityType": 1,
    "volume": 0,
    "statusCode": "",
    "isin": "AU000000SCU9",
    "priceClose": 0.014,
    "priceFiftyTwoWeekHigh": 0.015,
    "priceFiftyTwoWeekLow": 0.012,
    "cashFlow": -4.93475,
    "earningsPerShare": -0.00331,
    "freeCashFlowYield": -0.0000100000010000001,
    "priceEarningsRatio": -99999.99,
    "priceToCash": -99999.99,
    "foreignExempt": false,
    "shareDescription": "Ordinary Fully Paid",
    "numOfShares": 1138895462,
    "yieldAnnual": 0,
    "incomeStatement": [
      {
        "revenue": 14352570,
        "netIncome": -3690110,
        "period": "2022A",
        "fPeriodEndDate": 44742,
        "curCode": "AUD"
      },
      {
        "revenue": 8495420,
        "netIncome": -2813570,
        "period": "2021A",
        "fPeriodEndDate": 44377,
        "curCode": "AUD"
      },
      {
        "revenue": 730360,
        "netIncome": -1389940,
        "period": "2020A",
        "fPeriodEndDate": 44012,
        "curCode": "AUD"
      },
      {
        "revenue": 1561430,
        "netIncome": -2265790,
        "period": "2019A",
        "fPeriodEndDate": 43646,
        "curCode": "AUD"
      }
    ]
  },
  {
    "symbol": "SCUN",
    "displayName": "STEMCELL UNITED LIMITED",
    "industry": "Pharmaceuticals, Biotechnology & Life Sciences",
    "dateListed": "2000-06-13",
    "marketCap": -1,
    "xid": "743612180",
    "priceChangeFiveDayPercent": 0,
    "isRecentListing": false,
    "priceChange": 0,
    "priceChangePercent": 0,
    "priceLast": 0,
    "sector": "Health Care",
    "industryGroup": "Pharmaceuticals, Biotechnology & Life Sciences",
    "securityType": 1,
    "volume": 0,
    "statusCode": "",
    "isin": "AU0000233819",
    "priceClose": 0,
    "priceFiftyTwoWeekHigh": 0,
    "priceFiftyTwoWeekLow": 0,
    "cashFlow": -4.93475,
    "earningsPerShare": -0.00331,
    "freeCashFlowYield": -0.0000100000010000001,
    "priceEarningsRatio": -99999.99,
    "priceToCash": -99999.99,
    "foreignExempt": false,
    "shareDescription": "Ordinary Fully Paid Deferred",
    "numOfShares": 1138895462,
    "yieldAnnual": -32768,
    "incomeStatement": [
      {
        "revenue": 14352570,
        "netIncome": -3690110,
        "period": "2022A",
        "fPeriodEndDate": 44742,
        "curCode": "AUD"
      },
      {
        "revenue": 8495420,
        "netIncome": -2813570,
        "period": "2021A",
        "fPeriodEndDate": 44377,
        "curCode": "AUD"
      },
      {
        "revenue": 730360,
        "netIncome": -1389940,
        "period": "2020A",
        "fPeriodEndDate": 44012,
        "curCode": "AUD"
      },
      {
        "revenue": 1561430,
        "netIncome": -2265790,
        "period": "2019A",
        "fPeriodEndDate": 43646,
        "curCode": "AUD"
      }
    ]
  },
  {
    "symbol": "TLX",
    "displayName": "TELIX PHARMACEUTICALS LIMITED",
    "industry": "Pharmaceuticals, Biotechnology & Life Sciences",
    "dateListed": "2017-11-15",
    "marketCap": 2344154137,
    "xid": "439018320",
    "priceChangeFiveDayPercent": 6.911142454160793,
    "isRecentListing": false,
    "priceAsk": 7.62,
    "priceBid": 7.3500000000000005,
    "priceChange": 0.1299999999999999,
    "priceChangePercent": 1.7449664429530187,
    "priceLast": 7.58,
    "sector": "Health Care",
    "industryGroup": "Pharmaceuticals, Biotechnology & Life Sciences",
    "securityType": 1,
    "volume": 1454543,
    "statusCode": "",
    "isin": "AU000000TLX2",
    "priceClose": 7.45,
    "priceDayHigh": 7.62,
    "priceDayLow": 7.29,
    "priceFiftyTwoWeekHigh": 8.82,
    "priceFiftyTwoWeekLow": 3.55,
    "volumeAverage": 1505687.285714,
    "cashFlow": -101.103,
    "earningsPerShare": -0.40003,
    "freeCashFlowYield": -0.0000100000010000001,
    "priceEarningsRatio": -99999.99,
    "priceToCash": -99999.99,
    "foreignExempt": false,
    "shareDescription": "Ordinary Fully Paid",
    "numOfShares": 314651562,
    "yieldAnnual": 0,
    "incomeStatement": [
      {
        "revenue": 7596000,
        "netIncome": -80510000,
        "period": "2021A",
        "fPeriodEndDate": 44561,
        "curCode": "AUD"
      },
      {
        "revenue": 5213000,
        "netIncome": -44887000,
        "period": "2020A",
        "fPeriodEndDate": 44196,
        "curCode": "AUD"
      },
      {
        "revenue": 3485000,
        "netIncome": -27867000,
        "period": "2019A",
        "fPeriodEndDate": 43830,
        "curCode": "AUD"
      },
      {
        "revenue": 195140,
        "netIncome": -13829830,
        "period": "2018A",
        "fPeriodEndDate": 43465,
        "curCode": "AUD"
      }
    ]
  },
  {
    "symbol": "TRP",
    "displayName": "TISSUE REPAIR LTD",
    "industry": "Pharmaceuticals, Biotechnology & Life Sciences",
    "dateListed": "2021-11-18",
    "marketCap": 15418535,
    "xid": "684838542",
    "priceChangeFiveDayPercent": 5.8823529411764754,
    "isRecentListing": false,
    "priceAsk": 0.27,
    "priceBid": 0.255,
    "priceChange": 0.015000000000000013,
    "priceChangePercent": 5.8823529411764754,
    "priceLast": 0.27,
    "sector": "Health Care",
    "industryGroup": "Pharmaceuticals, Biotechnology & Life Sciences",
    "securityType": 1,
    "volume": 10000,
    "upcomingEventName": "Annual General Meeting",
    "statusCode": "",
    "isin": "AU0000180887",
    "priceClose": 0.255,
    "priceDayHigh": 0.27,
    "priceDayLow": 0.27,
    "priceFiftyTwoWeekHigh": 0.695,
    "priceFiftyTwoWeekLow": 0.225,
    "volumeAverage": 65119.053333,
    "cashFlow": -99999.99,
    "earningsPerShare": -99999.99,
    "freeCashFlowYield": -0.0000100000010000001,
    "priceEarningsRatio": -99999.99,
    "priceToCash": -99999.99,
    "foreignExempt": false,
    "shareDescription": "Ordinary Fully Paid",
    "numOfShares": 60464843,
    "yieldAnnual": 0,
    "incomeStatement": [
      {
        "revenue": 0,
        "netIncome": -915230,
        "period": "2021A",
        "fPeriodEndDate": 44377,
        "curCode": "AUD"
      },
      {
        "revenue": 0,
        "netIncome": -352210,
        "period": "2020A",
        "fPeriodEndDate": 44012,
        "curCode": "AUD"
      },
      {
        "revenue": 0,
        "netIncome": -357190,
        "period": "2019A",
        "fPeriodEndDate": 43646,
        "curCode": "AUD"
      }
    ]
  },
  {
    "symbol": "TRJ",
    "displayName": "TRAJAN GROUP HOLDINGS LIMITED",
    "industry": "Pharmaceuticals, Biotechnology & Life Sciences",
    "dateListed": "2021-06-07",
    "marketCap": 291234856,
    "xid": "658404285",
    "priceChangeFiveDayPercent": -2.631578947368412,
    "isRecentListing": false,
    "priceAsk": 1.85,
    "priceBid": 1.83,
    "priceChange": -0.06499999999999995,
    "priceChangePercent": -3.394255874673626,
    "priceLast": 1.85,
    "sector": "Health Care",
    "industryGroup": "Pharmaceuticals, Biotechnology & Life Sciences",
    "securityType": 1,
    "volume": 55417,
    "statusCode": "",
    "isin": "AU0000150526",
    "priceClose": 1.915,
    "priceDayHigh": 1.95,
    "priceDayLow": 1.85,
    "priceFiftyTwoWeekHigh": 4.59,
    "priceFiftyTwoWeekLow": 1.735,
    "volumeAverage": 64358.688889,
    "cashFlow": -0.677,
    "earningsPerShare": 0.01406,
    "freeCashFlowYield": 0.018394089316915264,
    "priceEarningsRatio": 136.202,
    "priceToCash": 54.36529,
    "foreignExempt": false,
    "shareDescription": "Ordinary Fully Paid",
    "numOfShares": 152080865,
    "yieldAnnual": 0,
    "incomeStatement": [
      {
        "revenue": 107574000,
        "netIncome": 1704000,
        "period": "2022A",
        "fPeriodEndDate": 44742,
        "curCode": "AUD"
      },
      {
        "revenue": 76568000,
        "netIncome": 1880000,
        "period": "2021A",
        "fPeriodEndDate": 44377,
        "curCode": "AUD"
      },
      {
        "revenue": 71852000,
        "netIncome": 2608000,
        "period": "2020A",
        "fPeriodEndDate": 44012,
        "curCode": "AUD"
      },
      {
        "revenue": 67766000,
        "netIncome": 2142000,
        "period": "2019A",
        "fPeriodEndDate": 43646,
        "curCode": "AUD"
      }
    ]
  },
  {
    "symbol": "VBS",
    "displayName": "VECTUS BIOSYSTEMS LIMITED",
    "industry": "Pharmaceuticals, Biotechnology & Life Sciences",
    "dateListed": "2016-02-23",
    "marketCap": 45361255,
    "xid": "321033767",
    "priceChangeFiveDayPercent": 0,
    "isRecentListing": false,
    "priceAsk": 1,
    "priceBid": 0.985,
    "priceChange": 0,
    "priceChangePercent": 0,
    "priceLast": 0.96,
    "sector": "Health Care",
    "industryGroup": "Pharmaceuticals, Biotechnology & Life Sciences",
    "securityType": 1,
    "volume": 0,
    "statusCode": "",
    "isin": "AU000000VBS9",
    "priceClose": 0.96,
    "priceFiftyTwoWeekHigh": 1.49,
    "priceFiftyTwoWeekLow": 0.66,
    "volumeAverage": 12349.904762,
    "cashFlow": -4.44123,
    "earningsPerShare": -0.1213,
    "freeCashFlowYield": -0.0000100000010000001,
    "priceEarningsRatio": -99999.99,
    "priceToCash": -99999.99,
    "foreignExempt": false,
    "shareDescription": "Ordinary Fully Paid",
    "numOfShares": 47251307,
    "yieldAnnual": 0,
    "incomeStatement": [
      {
        "revenue": 1300080,
        "netIncome": -3993780,
        "period": "2022A",
        "fPeriodEndDate": 44742,
        "curCode": "AUD"
      },
      {
        "revenue": 1018000,
        "netIncome": -3861240,
        "period": "2021A",
        "fPeriodEndDate": 44377,
        "curCode": "AUD"
      },
      {
        "revenue": 51190,
        "netIncome": -2996070,
        "period": "2020A",
        "fPeriodEndDate": 44012,
        "curCode": "AUD"
      },
      {
        "revenue": 220,
        "netIncome": -1596280,
        "period": "2019A",
        "fPeriodEndDate": 43646,
        "curCode": "AUD"
      }
    ]
  },
  {
    "symbol": "VLS",
    "displayName": "VITA LIFE SCIENCES LIMITED..",
    "industry": "Pharmaceuticals, Biotechnology & Life Sciences",
    "dateListed": "2007-08-23",
    "marketCap": 80306532,
    "xid": "8107229",
    "priceChangeFiveDayPercent": 2.0000000000000018,
    "isRecentListing": false,
    "priceAsk": 1.55,
    "priceBid": 1.52,
    "priceChange": 0.014999999999999902,
    "priceChangePercent": 0.9900990099009835,
    "priceLast": 1.53,
    "sector": "Health Care",
    "industryGroup": "Pharmaceuticals, Biotechnology & Life Sciences",
    "securityType": 1,
    "volume": 21838,
    "statusCode": "",
    "isin": "AU000000VLS8",
    "priceClose": 1.5150000000000001,
    "priceDayHigh": 1.53,
    "priceDayLow": 1.5150000000000001,
    "priceFiftyTwoWeekHigh": 2.6,
    "priceFiftyTwoWeekLow": 1.5,
    "volumeAverage": 10047.985294,
    "dateExDate": "2022-09-23",
    "datePayDate": "2022-10-07",
    "dateRecordDate": "2022-09-26",
    "dividend": 0.0275,
    "dividendType": "I",
    "frankingPercent": 100,
    "cashFlow": -1.595,
    "earningsPerShare": 0.15466,
    "freeCashFlowYield": 0.10735119514085552,
    "priceEarningsRatio": 9.79568,
    "priceToCash": 9.31522,
    "foreignExempt": false,
    "shareDescription": "Ordinary Fully Paid",
    "numOfShares": 53007612,
    "yieldAnnual": 3.7581699346405233,
    "incomeStatement": [
      {
        "revenue": 57101000,
        "netIncome": 8292000,
        "period": "2021A",
        "fPeriodEndDate": 44561,
        "curCode": "AUD"
      },
      {
        "revenue": 46481000,
        "netIncome": 6094000,
        "period": "2020A",
        "fPeriodEndDate": 44196,
        "curCode": "AUD"
      },
      {
        "revenue": 42452000,
        "netIncome": 3136000,
        "period": "2019A",
        "fPeriodEndDate": 43830,
        "curCode": "AUD"
      },
      {
        "revenue": 41151000,
        "netIncome": 2439000,
        "period": "2018A",
        "fPeriodEndDate": 43465,
        "curCode": "AUD"
      }
    ]
  },
  {
    "symbol": "WFL",
    "displayName": "WELLFULLY LIMITED",
    "industry": "Pharmaceuticals, Biotechnology & Life Sciences",
    "dateListed": "2000-05-29",
    "marketCap": 8023204,
    "xid": "220245",
    "priceChangeFiveDayPercent": 5.000000000000004,
    "isRecentListing": false,
    "priceAsk": 0.024,
    "priceBid": 0.02,
    "priceChange": 0,
    "priceChangePercent": 0,
    "priceLast": 0.021,
    "sector": "Health Care",
    "industryGroup": "Pharmaceuticals, Biotechnology & Life Sciences",
    "securityType": 1,
    "volume": 274174,
    "statusCode": "",
    "isin": "AU0000105033",
    "priceClose": 0.021,
    "priceDayHigh": 0.021,
    "priceDayLow": 0.02,
    "priceFiftyTwoWeekHigh": 0.092,
    "priceFiftyTwoWeekLow": 0.019,
    "volumeAverage": 595821.026316,
    "cashFlow": -8.28151,
    "earningsPerShare": -0.03099,
    "freeCashFlowYield": -0.0000100000010000001,
    "priceEarningsRatio": -99999.99,
    "priceToCash": -99999.99,
    "foreignExempt": false,
    "shareDescription": "Ordinary Fully Paid",
    "numOfShares": 382057319,
    "yieldAnnual": 0,
    "incomeStatement": []
  },
  {
    "symbol": "ZLD",
    "displayName": "ZELIRA THERAPEUTICS LIMITED",
    "industry": "Pharmaceuticals, Biotechnology & Life Sciences",
    "dateListed": "2003-07-28",
    "marketCap": 9481345,
    "xid": "139483",
    "priceChangeFiveDayPercent": -1.980198019801982,
    "isRecentListing": false,
    "priceAsk": 0.99,
    "priceBid": 0.975,
    "priceChange": 0,
    "priceChangePercent": 0,
    "priceLast": 0.99,
    "sector": "Health Care",
    "industryGroup": "Pharmaceuticals, Biotechnology & Life Sciences",
    "securityType": 1,
    "volume": 6905,
    "statusCode": "RE",
    "isin": "AU000000ZLD1",
    "priceClose": 0.99,
    "priceDayHigh": 1.02,
    "priceDayLow": 0.99,
    "priceFiftyTwoWeekHigh": 6.65,
    "priceFiftyTwoWeekLow": 0.9,
    "volumeAverage": 8632.153846,
    "cashFlow": -9.42722,
    "earningsPerShare": -1.50489,
    "freeCashFlowYield": -0.0000100000010000001,
    "priceEarningsRatio": -99999.99,
    "priceToCash": -99999.99,
    "foreignExempt": false,
    "shareDescription": "Ordinary Fully Paid",
    "numOfShares": 9577116,
    "yieldAnnual": 0,
    "incomeStatement": [
      {
        "revenue": 2893460,
        "netIncome": -11945300,
        "period": "2022A",
        "fPeriodEndDate": 44742,
        "curCode": "AUD"
      },
      {
        "revenue": 2092380,
        "netIncome": -8549080,
        "period": "2021A",
        "fPeriodEndDate": 44377,
        "curCode": "AUD"
      },
      {
        "revenue": 1040380,
        "netIncome": -7015050,
        "period": "2020A",
        "fPeriodEndDate": 44012,
        "curCode": "AUD"
      },
      {
        "revenue": 859170,
        "netIncome": -3567800,
        "period": "2019A",
        "fPeriodEndDate": 43646,
        "curCode": "AUD"
      }
    ]
  }
]