[
  {
    "symbol": "AGL",
    "displayName": "AGL ENERGY LIMITED.",
    "industry": "Utilities",
    "dateListed": "2006-10-12",
    "marketCap": 5476162477,
    "xid": "5778716",
    "priceChangeFiveDayPercent": 3.417721518987336,
    "isRecentListing": false,
    "priceAsk": 8.22,
    "priceBid": 8.11,
    "priceChange": 0.02999999999999936,
    "priceChangePercent": 0.36855036855036066,
    "priceLast": 8.17,
    "sector": "Utilities",
    "industryGroup": "Utilities",
    "securityType": 1,
    "volume": 1745575,
    "statusCode": "",
    "isin": "AU000000AGL7",
    "priceClose": 8.14,
    "priceDayHigh": 8.23,
    "priceDayLow": 8.07,
    "priceFiftyTwoWeekHigh": 8.88,
    "priceFiftyTwoWeekLow": 6.08,
    "volumeAverage": 2486886.402174,
    "dateExDate": "2022-09-01",
    "datePayDate": "2022-09-27",
    "dateRecordDate": "2022-09-02",
    "dividend": 0.1,
    "dividendType": "F",
    "frankingPercent": 0,
    "cashFlow": 274,
    "earningsPerShare": 1.32134,
    "freeCashFlowYield": 0.2856440988785613,
    "priceEarningsRatio": 6.18312,
    "priceToCash": 3.50086,
    "foreignExempt": false,
    "shareDescription": "Ordinary Fully Paid",
    "numOfShares": 672747233,
    "yieldAnnual": 3.182374541003672,
    "incomeStatement": [
      {
        "revenue": 13221000000,
        "netIncome": 860000000,
        "period": "2022A",
        "fPeriodEndDate": 44742,
        "curCode": "AUD"
      },
      {
        "revenue": 10942000000,
        "netIncome": -2058000000,
        "period": "2021A",
        "fPeriodEndDate": 44377,
        "curCode": "AUD"
      },
      {
        "revenue": 12160000000,
        "netIncome": 1007000000,
        "period": "2020A",
        "fPeriodEndDate": 44012,
        "curCode": "AUD"
      },
      {
        "revenue": 13246000000,
        "netIncome": 905000000,
        "period": "2019A",
        "fPeriodEndDate": 43646,
        "curCode": "AUD"
      }
    ]
  },
  {
    "symbol": "APA",
    "displayName": "APA GROUP",
    "industry": "Utilities",
    "dateListed": "2000-06-13",
    "marketCap": 13167615344,
    "xid": "46493",
    "priceChangeFiveDayPercent": 3.252788104089216,
    "isRecentListing": false,
    "priceAsk": 11.16,
    "priceBid": 11.040000000000001,
    "priceChange": -0.05000000000000071,
    "priceChangePercent": -0.4480286738351318,
    "priceLast": 11.11,
    "sector": "Utilities",
    "industryGroup": "Utilities",
    "securityType": 6,
    "volume": 896487,
    "statusCode": "CD",
    "isin": "AU000000APA1",
    "priceClose": 11.16,
    "priceDayHigh": 11.15,
    "priceDayLow": 10.98,
    "priceFiftyTwoWeekHigh": 12.25,
    "priceFiftyTwoWeekLow": 9.03,
    "volumeAverage": 1998910.51087,
    "dateExDate": "2022-12-29",
    "datePayDate": "2023-03-16",
    "dateRecordDate": "2022-12-30",
    "dividend": 0.26,
    "dividendType": "I",
    "frankingPercent": 0,
    "cashFlow": -105.323,
    "earningsPerShare": 0.21987,
    "freeCashFlowYield": 0.07589579810503372,
    "priceEarningsRatio": 50.52986,
    "priceToCash": 13.17596,
    "foreignExempt": false,
    "shareDescription": "Fully Paid Units Stapled Securities",
    "numOfShares": 1179893848,
    "yieldAnnual": 4.86048604860486,
    "incomeStatement": [
      {
        "revenue": 2705040000,
        "netIncome": 259711000,
        "period": "2022A",
        "fPeriodEndDate": 44742,
        "curCode": "AUD"
      },
      {
        "revenue": 2575236000,
        "netIncome": 734000,
        "period": "2021A",
        "fPeriodEndDate": 44377,
        "curCode": "AUD"
      },
      {
        "revenue": 2559944000,
        "netIncome": 311751000,
        "period": "2020A",
        "fPeriodEndDate": 44012,
        "curCode": "AUD"
      },
      {
        "revenue": 2428949000,
        "netIncome": 288013000,
        "period": "2019A",
        "fPeriodEndDate": 43646,
        "curCode": "AUD"
      }
    ]
  },
  {
    "symbol": "CCE",
    "displayName": "CARNEGIE CLEAN ENERGY LIMITED",
    "industry": "Utilities",
    "dateListed": "1993-10-26",
    "marketCap": 23463861,
    "xid": "78489",
    "priceChangeFiveDayPercent": -25,
    "isRecentListing": false,
    "priceAsk": 0.002,
    "priceBid": 0.001,
    "priceChange": 0,
    "priceChangePercent": 0,
    "priceLast": 0.0015,
    "sector": "Utilities",
    "industryGroup": "Utilities",
    "securityType": 1,
    "volume": 550000,
    "statusCode": "",
    "isin": "AU000000CCE7",
    "priceClose": 0.0015,
    "priceDayHigh": 0.0015,
    "priceDayLow": 0.001,
    "priceFiftyTwoWeekHigh": 0.003,
    "priceFiftyTwoWeekLow": 0.001,
    "volumeAverage": 5227106.945055,
    "cashFlow": 0.75871,
    "earningsPerShare": -0.00015,
    "freeCashFlowYield": -0.0000100000010000001,
    "priceEarningsRatio": -99999.99,
    "priceToCash": -99999.99,
    "foreignExempt": false,
    "shareDescription": "Ordinary Fully Paid",
    "numOfShares": 15642573710,
    "yieldAnnual": 0,
    "incomeStatement": [
      {
        "revenue": 356930,
        "netIncome": -1914140,
        "period": "2022A",
        "fPeriodEndDate": 44742,
        "curCode": "AUD"
      },
      {
        "revenue": 1163010,
        "netIncome": -930420,
        "period": "2021A",
        "fPeriodEndDate": 44377,
        "curCode": "AUD"
      },
      {
        "revenue": 187670,
        "netIncome": -275520,
        "period": "2020A",
        "fPeriodEndDate": 44012,
        "curCode": "AUD"
      },
      {
        "revenue": 556350,
        "netIncome": -51930510,
        "period": "2019A",
        "fPeriodEndDate": 43646,
        "curCode": "AUD"
      }
    ]
  },
  {
    "symbol": "CEN",
    "displayName": "CONTACT ENERGY LIMITED",
    "industry": "Utilities",
    "dateListed": "2015-09-24",
    "marketCap": 5702114571,
    "xid": "300277662",
    "priceChangeFiveDayPercent": -0.41039671682625667,
    "isRecentListing": false,
    "priceAsk": 7.79,
    "priceBid": 7.3100000000000005,
    "priceChange": 0,
    "priceChangePercent": 0,
    "priceLast": 7.28,
    "sector": "Utilities",
    "industryGroup": "Utilities",
    "securityType": 1,
    "volume": 0,
    "statusCode": "",
    "isin": "NZCENE0001S6",
    "priceClose": 7.28,
    "priceFiftyTwoWeekHigh": 7.99,
    "priceFiftyTwoWeekLow": 6.18,
    "volumeAverage": 7948.808989,
    "dateExDate": "2022-09-08",
    "datePayDate": "2022-09-27",
    "dateRecordDate": "2022-09-09",
    "dividend": 0.1843,
    "dividendType": "F",
    "frankingPercent": 0,
    "cashFlow": -99999.99,
    "earningsPerShare": 0.23349,
    "freeCashFlowYield": 0.07112785302709473,
    "priceEarningsRatio": 33.74877,
    "priceToCash": 14.05919,
    "foreignExempt": true,
    "shareDescription": "Ordinary Fully Paid Foreign Exempt Nzx",
    "numOfShares": 783257496,
    "yieldAnnual": 4.241758241758242,
    "incomeStatement": [
      {
        "revenue": 2387000000,
        "netIncome": 182000000,
        "period": "2022A",
        "fPeriodEndDate": 44742,
        "curCode": "NZD"
      },
      {
        "revenue": 2573000000,
        "netIncome": 187000000,
        "period": "2021A",
        "fPeriodEndDate": 44377,
        "curCode": "NZD"
      },
      {
        "revenue": 2073000000,
        "netIncome": 125000000,
        "period": "2020A",
        "fPeriodEndDate": 44012,
        "curCode": "NZD"
      },
      {
        "revenue": 2460000000,
        "netIncome": 345000000,
        "period": "2019A",
        "fPeriodEndDate": 43646,
        "curCode": "NZD"
      }
    ]
  },
  {
    "symbol": "DEM",
    "displayName": "DE.MEM LIMITED",
    "industry": "Utilities",
    "dateListed": "2017-04-07",
    "marketCap": 30550792,
    "xid": "405294340",
    "priceChangeFiveDayPercent": 0,
    "isRecentListing": false,
    "priceAsk": 0.13,
    "priceBid": 0.115,
    "priceChange": 0,
    "priceChangePercent": 0,
    "priceLast": 0.125,
    "sector": "Utilities",
    "industryGroup": "Utilities",
    "securityType": 1,
    "volume": 222,
    "statusCode": "",
    "isin": "AU000000DEM4",
    "priceClose": 0.125,
    "priceDayHigh": 0.125,
    "priceDayLow": 0.125,
    "priceFiftyTwoWeekHigh": 0.265,
    "priceFiftyTwoWeekLow": 0.105,
    "volumeAverage": 90890.894118,
    "cashFlow": -4.65538,
    "earningsPerShare": -0.02152,
    "freeCashFlowYield": -0.0000100000010000001,
    "priceEarningsRatio": -99999.99,
    "priceToCash": -99999.99,
    "foreignExempt": false,
    "shareDescription": "Ordinary Fully Paid",
    "numOfShares": 244406335,
    "yieldAnnual": 0,
    "incomeStatement": [
      {
        "revenue": 18078000,
        "netIncome": -4473000,
        "period": "2021A",
        "fPeriodEndDate": 44561,
        "curCode": "AUD"
      },
      {
        "revenue": 14159090,
        "netIncome": -3538670,
        "period": "2020A",
        "fPeriodEndDate": 44196,
        "curCode": "AUD"
      },
      {
        "revenue": 10125900,
        "netIncome": -3486180,
        "period": "2019A",
        "fPeriodEndDate": 43830,
        "curCode": "AUD"
      },
      {
        "revenue": 10522990,
        "netIncome": -2003830,
        "period": "2018A",
        "fPeriodEndDate": 43465,
        "curCode": "AUD"
      }
    ]
  },
  {
    "symbol": "DEL",
    "displayName": "DELOREAN CORPORATION LIMITED",
    "industry": "Utilities",
    "dateListed": "2021-04-12",
    "marketCap": 14884743,
    "xid": "648297718",
    "priceChangeFiveDayPercent": -10.526315789473676,
    "isRecentListing": false,
    "priceAsk": 0.078,
    "priceBid": 0.068,
    "priceChange": -0.0010000000000000009,
    "priceChangePercent": -1.4492753623188417,
    "priceLast": 0.068,
    "sector": "Utilities",
    "industryGroup": "Utilities",
    "securityType": 1,
    "volume": 61975,
    "statusCode": "",
    "isin": "AU0000139974",
    "priceClose": 0.069,
    "priceDayHigh": 0.069,
    "priceDayLow": 0.068,
    "priceFiftyTwoWeekHigh": 0.26,
    "priceFiftyTwoWeekLow": 0.055,
    "volumeAverage": 263186.034091,
    "cashFlow": -15.20565,
    "earningsPerShare": -0.05696,
    "freeCashFlowYield": -0.0000100000010000001,
    "priceEarningsRatio": -99999.99,
    "priceToCash": -99999.99,
    "foreignExempt": false,
    "shareDescription": "Ordinary Fully Paid",
    "numOfShares": 215720915,
    "yieldAnnual": 0,
    "incomeStatement": [
      {
        "revenue": 40991160,
        "netIncome": -10888010,
        "period": "2022A",
        "fPeriodEndDate": 44742,
        "curCode": "AUD"
      },
      {
        "revenue": 30139100,
        "netIncome": -3209550,
        "period": "2021A",
        "fPeriodEndDate": 44377,
        "curCode": "AUD"
      },
      {
        "revenue": 0,
        "netIncome": -32768,
        "period": "2020A",
        "fPeriodEndDate": 44012,
        "curCode": "AUD"
      }
    ]
  },
  {
    "symbol": "D2O",
    "displayName": "DUXTON WATER LIMITED",
    "industry": "Utilities",
    "dateListed": "2016-09-16",
    "marketCap": 196924495,
    "xid": "364052368",
    "priceChangeFiveDayPercent": 0,
    "isRecentListing": false,
    "priceAsk": 1.6600000000000001,
    "priceBid": 1.615,
    "priceChange": -0.030000000000000027,
    "priceChangePercent": -1.8181818181818197,
    "priceLast": 1.62,
    "sector": "Utilities",
    "industryGroup": "Utilities",
    "securityType": 1,
    "volume": 47136,
    "statusCode": "",
    "isin": "AU000000D2O3",
    "priceClose": 1.6500000000000001,
    "priceDayHigh": 1.6600000000000001,
    "priceDayLow": 1.62,
    "priceFiftyTwoWeekHigh": 1.76,
    "priceFiftyTwoWeekLow": 1.47,
    "volumeAverage": 61217.804348,
    "dateExDate": "2022-10-13",
    "datePayDate": "2022-10-28",
    "dateRecordDate": "2022-10-14",
    "dividend": 0.033,
    "dividendType": "I",
    "frankingPercent": 100,
    "cashFlow": -25.464,
    "earningsPerShare": 0.09228,
    "freeCashFlowYield": -0.0000100000010000001,
    "priceEarningsRatio": 17.55527,
    "priceToCash": -99999.99,
    "foreignExempt": false,
    "shareDescription": "Ordinary Fully Paid",
    "numOfShares": 119348179,
    "yieldAnnual": 0,
    "incomeStatement": [
      {
        "revenue": 29272000,
        "netIncome": 8541000,
        "period": "2021A",
        "fPeriodEndDate": 44561,
        "curCode": "AUD"
      },
      {
        "revenue": 39608000,
        "netIncome": 8696000,
        "period": "2020A",
        "fPeriodEndDate": 44196,
        "curCode": "AUD"
      },
      {
        "revenue": 96450000,
        "netIncome": 7425000,
        "period": "2019A",
        "fPeriodEndDate": 43830,
        "curCode": "AUD"
      },
      {
        "revenue": 28213000,
        "netIncome": 7265000,
        "period": "2018A",
        "fPeriodEndDate": 43465,
        "curCode": "AUD"
      }
    ]
  },
  {
    "symbol": "EWC",
    "displayName": "ENERGY WORLD CORPORATION LTD",
    "industry": "Utilities",
    "dateListed": "1988-12-08",
    "marketCap": 127798600,
    "xid": "103366",
    "priceChangeFiveDayPercent": -4.081632653061228,
    "isRecentListing": false,
    "priceAsk": 0.048,
    "priceBid": 0.047,
    "priceChange": -0.0020000000000000018,
    "priceChangePercent": -4.081632653061228,
    "priceLast": 0.047,
    "sector": "Utilities",
    "industryGroup": "Utilities",
    "securityType": 1,
    "volume": 1097291,
    "statusCode": "",
    "isin": "AU000000EWC5",
    "priceClose": 0.049,
    "priceDayHigh": 0.048,
    "priceDayLow": 0.046,
    "priceFiftyTwoWeekHigh": 0.09,
    "priceFiftyTwoWeekLow": 0.039,
    "volumeAverage": 1640229.945055,
    "cashFlow": 72.11256,
    "earningsPerShare": 0.00509,
    "freeCashFlowYield": 0.3753302906557771,
    "priceEarningsRatio": 9.16088,
    "priceToCash": 2.66432,
    "foreignExempt": false,
    "shareDescription": "Ordinary Fully Paid",
    "numOfShares": 2608134691,
    "yieldAnnual": 0,
    "incomeStatement": [
      {
        "revenue": 145981000,
        "netIncome": 8907000,
        "period": "2022A",
        "fPeriodEndDate": 44742,
        "curCode": "USD"
      },
      {
        "revenue": 149365000,
        "netIncome": 524000,
        "period": "2021A",
        "fPeriodEndDate": 44377,
        "curCode": "USD"
      },
      {
        "revenue": 159245000,
        "netIncome": 11591000,
        "period": "2020A",
        "fPeriodEndDate": 44012,
        "curCode": "USD"
      },
      {
        "revenue": 149164000,
        "netIncome": 28307000,
        "period": "2019A",
        "fPeriodEndDate": 43646,
        "curCode": "USD"
      }
    ]
  },
  {
    "symbol": "EWCN",
    "displayName": "ENERGY WORLD CORPORATION LTD",
    "industry": "Utilities",
    "dateListed": "1988-12-08",
    "marketCap": 127798600,
    "xid": "772380365",
    "priceChangeFiveDayPercent": 0,
    "isRecentListing": false,
    "priceChange": 0,
    "priceChangePercent": 0,
    "priceLast": 0,
    "sector": "Utilities",
    "industryGroup": "Utilities",
    "securityType": 1,
    "volume": 0,
    "statusCode": "",
    "isin": "AU0000253585",
    "priceClose": 0,
    "priceFiftyTwoWeekHigh": 0,
    "priceFiftyTwoWeekLow": 0,
    "cashFlow": 72.11256,
    "earningsPerShare": 0.00509,
    "freeCashFlowYield": 0.3753302906557771,
    "priceEarningsRatio": 9.16088,
    "priceToCash": 2.66432,
    "foreignExempt": false,
    "shareDescription": "Ordinary Fully Paid Deferred",
    "numOfShares": 2608134691,
    "yieldAnnual": -32768,
    "incomeStatement": [
      {
        "revenue": 145981000,
        "netIncome": 8907000,
        "period": "2022A",
        "fPeriodEndDate": 44742,
        "curCode": "USD"
      },
      {
        "revenue": 149365000,
        "netIncome": 524000,
        "period": "2021A",
        "fPeriodEndDate": 44377,
        "curCode": "USD"
      },
      {
        "revenue": 159245000,
        "netIncome": 11591000,
        "period": "2020A",
        "fPeriodEndDate": 44012,
        "curCode": "USD"
      },
      {
        "revenue": 149164000,
        "netIncome": 28307000,
        "period": "2019A",
        "fPeriodEndDate": 43646,
        "curCode": "USD"
      }
    ]
  },
  {
    "symbol": "GNE",
    "displayName": "GENESIS ENERGY LIMITED",
    "industry": "Utilities",
    "dateListed": "2014-04-17",
    "marketCap": 2622238597,
    "xid": "73902425",
    "priceChangeFiveDayPercent": -5.098039215686271,
    "isRecentListing": false,
    "priceAsk": 2.52,
    "priceBid": 2.42,
    "priceChange": -0.06000000000000005,
    "priceChangePercent": -2.4193548387096797,
    "priceLast": 2.42,
    "sector": "Utilities",
    "industryGroup": "Utilities",
    "securityType": 1,
    "volume": 2594,
    "statusCode": "",
    "isin": "NZGNEE0001S7",
    "priceClose": 2.48,
    "priceDayHigh": 2.42,
    "priceDayLow": 2.4,
    "priceFiftyTwoWeekHigh": 2.8,
    "priceFiftyTwoWeekLow": 2.17,
    "volumeAverage": 29386.532609,
    "dateExDate": "2022-09-21",
    "datePayDate": "2022-10-07",
    "dateRecordDate": "2022-09-23",
    "dividend": 0.0758,
    "dividendType": "F",
    "frankingPercent": 0,
    "cashFlow": 12.7,
    "earningsPerShare": 0.21238,
    "freeCashFlowYield": 0.1590467374742742,
    "priceEarningsRatio": 12.12449,
    "priceToCash": 6.28746,
    "foreignExempt": true,
    "shareDescription": "Ordinary Fully Paid Foreign Exempt Nzx",
    "numOfShares": 1057354273,
    "yieldAnnual": 6.355371900826446,
    "incomeStatement": [
      {
        "revenue": 2834100000,
        "netIncome": 221900000,
        "period": "2022A",
        "fPeriodEndDate": 44742,
        "curCode": "NZD"
      },
      {
        "revenue": 3221200000,
        "netIncome": 33500000,
        "period": "2021A",
        "fPeriodEndDate": 44377,
        "curCode": "NZD"
      },
      {
        "revenue": 2591500000,
        "netIncome": 46000000,
        "period": "2020A",
        "fPeriodEndDate": 44012,
        "curCode": "NZD"
      },
      {
        "revenue": 2700700000,
        "netIncome": 59200000,
        "period": "2019A",
        "fPeriodEndDate": 43646,
        "curCode": "NZD"
      }
    ]
  },
  {
    "symbol": "GNX",
    "displayName": "GENEX POWER LIMITED",
    "industry": "Utilities",
    "dateListed": "2015-07-08",
    "marketCap": 228554228,
    "xid": "276642134",
    "priceChangeFiveDayPercent": -5.8823529411764754,
    "isRecentListing": false,
    "priceAsk": 0.17,
    "priceBid": 0.16,
    "priceChange": -0.0050000000000000044,
    "priceChangePercent": -3.030303030303033,
    "priceLast": 0.16,
    "sector": "Utilities",
    "industryGroup": "Utilities",
    "securityType": 1,
    "volume": 668215,
    "statusCode": "",
    "isin": "AU000000GNX5",
    "priceClose": 0.165,
    "priceDayHigh": 0.165,
    "priceDayLow": 0.16,
    "priceFiftyTwoWeekHigh": 0.24,
    "priceFiftyTwoWeekLow": 0.105,
    "volumeAverage": 1499081.380435,
    "cashFlow": -230.7495,
    "earningsPerShare": -0.00466,
    "freeCashFlowYield": 0.027443914929352504,
    "priceEarningsRatio": -99999.99,
    "priceToCash": 36.43795,
    "foreignExempt": false,
    "shareDescription": "Ordinary Fully Paid",
    "numOfShares": 1385177140,
    "yieldAnnual": 0,
    "incomeStatement": [
      {
        "revenue": 24890020,
        "netIncome": -4063430,
        "period": "2022A",
        "fPeriodEndDate": 44742,
        "curCode": "AUD"
      },
      {
        "revenue": 10683940,
        "netIncome": -18725870,
        "period": "2021A",
        "fPeriodEndDate": 44377,
        "curCode": "AUD"
      },
      {
        "revenue": 10388980,
        "netIncome": -10534250,
        "period": "2020A",
        "fPeriodEndDate": 44012,
        "curCode": "AUD"
      },
      {
        "revenue": 11044370,
        "netIncome": -5477930,
        "period": "2019A",
        "fPeriodEndDate": 43646,
        "curCode": "AUD"
      }
    ]
  },
  {
    "symbol": "IFT",
    "displayName": "INFRATIL LIMITED.",
    "industry": "Utilities",
    "dateListed": "2010-08-30",
    "marketCap": 5719470298,
    "xid": "25167901",
    "priceChangeFiveDayPercent": -0.9791921664626692,
    "isRecentListing": false,
    "priceAsk": 8.03,
    "priceBid": 7.9,
    "priceChange": 0.1899999999999995,
    "priceChangePercent": 2.4050632911392342,
    "priceLast": 8.09,
    "sector": "Utilities",
    "industryGroup": "Utilities",
    "securityType": 1,
    "volume": 6723,
    "statusCode": "",
    "isin": "NZIFTE0003S3",
    "priceClose": 7.9,
    "priceDayHigh": 8.120000000000001,
    "priceDayLow": 7.8500000000000005,
    "priceFiftyTwoWeekHigh": 8.64,
    "priceFiftyTwoWeekLow": 6.63,
    "volumeAverage": 38286.641304,
    "dateExDate": "2022-11-29",
    "datePayDate": "2022-12-14",
    "dateRecordDate": "2022-11-30",
    "dividend": 0.0627,
    "dividendType": "I",
    "frankingPercent": 0,
    "cashFlow": -390.6,
    "earningsPerShare": 0.12839,
    "freeCashFlowYield": 0.06973140856050665,
    "priceEarningsRatio": 66.59397,
    "priceToCash": 14.34074,
    "foreignExempt": true,
    "shareDescription": "Ordinary Fully Paid Foreign Exempt Nzx",
    "numOfShares": 723983582,
    "yieldAnnual": 2.1137206427688504,
    "incomeStatement": [
      {
        "revenue": 1297400000,
        "netIncome": 1169300000,
        "period": "2022A",
        "fPeriodEndDate": 44651,
        "curCode": "NZD"
      },
      {
        "revenue": 590800000,
        "netIncome": -49200000,
        "period": "2021A",
        "fPeriodEndDate": 44286,
        "curCode": "NZD"
      },
      {
        "revenue": 1189500000,
        "netIncome": 241200000,
        "period": "2020A",
        "fPeriodEndDate": 43921,
        "curCode": "NZD"
      },
      {
        "revenue": 1442200000,
        "netIncome": -19500000,
        "period": "2019A",
        "fPeriodEndDate": 43555,
        "curCode": "NZD"
      }
    ]
  },
  {
    "symbol": "KPO",
    "displayName": "KALINA POWER LIMITED",
    "industry": "Utilities",
    "dateListed": "1971-08-02",
    "marketCap": 24243133,
    "xid": "283691",
    "priceChangeFiveDayPercent": -5.8823529411764754,
    "isRecentListing": false,
    "priceAsk": 0.017,
    "priceBid": 0.016,
    "priceChange": 0,
    "priceChangePercent": 0,
    "priceLast": 0.016,
    "sector": "Utilities",
    "industryGroup": "Utilities",
    "securityType": 1,
    "volume": 644376,
    "statusCode": "",
    "isin": "AU000000KPO1",
    "priceClose": 0.016,
    "priceDayHigh": 0.016,
    "priceDayLow": 0.015,
    "priceFiftyTwoWeekHigh": 0.035,
    "priceFiftyTwoWeekLow": 0.013,
    "volumeAverage": 2041984.550562,
    "cashFlow": -5.03079,
    "earningsPerShare": -0.00342,
    "freeCashFlowYield": -0.0000100000010000001,
    "priceEarningsRatio": -99999.99,
    "priceToCash": -99999.99,
    "foreignExempt": false,
    "shareDescription": "Ordinary Fully Paid",
    "numOfShares": 1515195786,
    "yieldAnnual": 0,
    "incomeStatement": [
      {
        "revenue": 0,
        "netIncome": -4664180,
        "period": "2022A",
        "fPeriodEndDate": 44742,
        "curCode": "AUD"
      },
      {
        "revenue": 0,
        "netIncome": -7865580,
        "period": "2021A",
        "fPeriodEndDate": 44377,
        "curCode": "AUD"
      },
      {
        "revenue": 0,
        "netIncome": -4523370,
        "period": "2020A",
        "fPeriodEndDate": 44012,
        "curCode": "AUD"
      },
      {
        "revenue": 0,
        "netIncome": -4797720,
        "period": "2019A",
        "fPeriodEndDate": 43646,
        "curCode": "AUD"
      }
    ]
  },
  {
    "symbol": "LGI",
    "displayName": "LGI LIMITED",
    "industry": "Utilities",
    "dateListed": "2022-10-04",
    "marketCap": 163343476,
    "xid": "752817943",
    "priceChangeFiveDayPercent": -10.256410256410255,
    "isRecentListing": false,
    "priceAsk": 1.84,
    "priceBid": 1.75,
    "priceChange": -0.10000000000000009,
    "priceChangePercent": -5.40540540540541,
    "priceLast": 1.75,
    "sector": "Utilities",
    "industryGroup": "Utilities",
    "securityType": 1,
    "volume": 62086,
    "statusCode": "",
    "isin": "AU0000237638",
    "priceClose": 1.85,
    "priceDayHigh": 1.83,
    "priceDayLow": 1.75,
    "priceFiftyTwoWeekHigh": 2.2,
    "priceFiftyTwoWeekLow": 1.55,
    "foreignExempt": false,
    "shareDescription": "Ordinary Fully Paid",
    "numOfShares": 88293771,
    "yieldAnnual": 0,
    "incomeStatement": []
  },
  {
    "symbol": "LPE",
    "displayName": "LOCALITY PLANNING ENERGY HOLDINGS LIMITED",
    "industry": "Utilities",
    "dateListed": "2011-10-11",
    "marketCap": 9264126,
    "xid": "38312851",
    "priceChangeFiveDayPercent": 1.3344026738283132e-14,
    "isRecentListing": false,
    "priceAsk": 0.055,
    "priceBid": 0.05,
    "priceChange": 0,
    "priceChangePercent": 0,
    "priceLast": 0.052000000000000005,
    "sector": "Utilities",
    "industryGroup": "Utilities",
    "securityType": 1,
    "volume": 65573,
    "statusCode": "",
    "isin": "AU000000LPE0",
    "priceClose": 0.052000000000000005,
    "priceDayHigh": 0.052000000000000005,
    "priceDayLow": 0.052000000000000005,
    "priceFiftyTwoWeekHigh": 0.165,
    "priceFiftyTwoWeekLow": 0.049,
    "volumeAverage": 241416.929577,
    "cashFlow": -12.31969,
    "earningsPerShare": 0.02022,
    "freeCashFlowYield": 0.7145919679862799,
    "priceEarningsRatio": 2.57171,
    "priceToCash": 1.3994,
    "foreignExempt": false,
    "shareDescription": "Ordinary Fully Paid",
    "numOfShares": 178156277,
    "yieldAnnual": 0,
    "incomeStatement": [
      {
        "revenue": 69431100,
        "netIncome": 6129950,
        "period": "2022A",
        "fPeriodEndDate": 44742,
        "curCode": "AUD"
      },
      {
        "revenue": 55591700,
        "netIncome": 918250,
        "period": "2021A",
        "fPeriodEndDate": 44377,
        "curCode": "AUD"
      },
      {
        "revenue": 43719590,
        "netIncome": -7231270,
        "period": "2020A",
        "fPeriodEndDate": 44012,
        "curCode": "AUD"
      },
      {
        "revenue": 28476530,
        "netIncome": -2181690,
        "period": "2019A",
        "fPeriodEndDate": 43646,
        "curCode": "AUD"
      }
    ]
  },
  {
    "symbol": "MCY",
    "displayName": "MERCURY NZ LIMITED",
    "industry": "Utilities",
    "dateListed": "2013-05-10",
    "marketCap": 7221101482,
    "xid": "57084486",
    "priceChangeFiveDayPercent": -2.7322404371584765,
    "isRecentListing": false,
    "priceAsk": 5.3100000000000005,
    "priceBid": 5.11,
    "priceChange": 0.1299999999999999,
    "priceChangePercent": 2.495201535508635,
    "priceLast": 5.34,
    "sector": "Utilities",
    "industryGroup": "Utilities",
    "securityType": 1,
    "volume": 2686,
    "statusCode": "",
    "isin": "NZMRPE0001S2",
    "priceClose": 5.21,
    "priceDayHigh": 5.3500000000000005,
    "priceDayLow": 5.26,
    "priceFiftyTwoWeekHigh": 6.12,
    "priceFiftyTwoWeekLow": 4.52,
    "volumeAverage": 18900.48913,
    "dateExDate": "2022-09-14",
    "datePayDate": "2022-09-30",
    "dateRecordDate": "2022-09-15",
    "dividend": 0.1058,
    "dividendType": "F",
    "frankingPercent": 0,
    "cashFlow": -19,
    "earningsPerShare": 0.34458,
    "freeCashFlowYield": 0.09872759870785319,
    "priceEarningsRatio": 16.36775,
    "priceToCash": 10.12888,
    "foreignExempt": true,
    "shareDescription": "Ordinary Fully Paid Foreign Exempt Nzx",
    "numOfShares": 1386007962,
    "yieldAnnual": 3.3764044943820224,
    "incomeStatement": [
      {
        "revenue": 2188000000,
        "netIncome": 469000000,
        "period": "2022A",
        "fPeriodEndDate": 44742,
        "curCode": "NZD"
      },
      {
        "revenue": 2045000000,
        "netIncome": 141000000,
        "period": "2021A",
        "fPeriodEndDate": 44377,
        "curCode": "NZD"
      },
      {
        "revenue": 1768000000,
        "netIncome": 209000000,
        "period": "2020A",
        "fPeriodEndDate": 44012,
        "curCode": "NZD"
      },
      {
        "revenue": 2000000000,
        "netIncome": 357000000,
        "period": "2019A",
        "fPeriodEndDate": 43646,
        "curCode": "NZD"
      }
    ]
  },
  {
    "symbol": "MEZ",
    "displayName": "MERIDIAN ENERGY LIMITED",
    "industry": "Utilities",
    "dateListed": "2013-10-29",
    "marketCap": 12389607955,
    "xid": "68854285",
    "priceChangeFiveDayPercent": 1.8518518518518488,
    "isRecentListing": false,
    "priceAsk": 4.95,
    "priceBid": 4.62,
    "priceChange": 0.15000000000000036,
    "priceChangePercent": 3.1250000000000075,
    "priceLast": 4.95,
    "sector": "Utilities",
    "industryGroup": "Utilities",
    "securityType": 1,
    "volume": 9967,
    "statusCode": "",
    "isin": "NZMELE0002S7",
    "priceClose": 4.8,
    "priceDayHigh": 4.96,
    "priceDayLow": 4.63,
    "priceFiftyTwoWeekHigh": 4.99,
    "priceFiftyTwoWeekLow": 3.9,
    "volumeAverage": 45152.130435,
    "dateExDate": "2022-09-07",
    "datePayDate": "2022-09-23",
    "dateRecordDate": "2022-09-08",
    "dividend": 0.0992,
    "dividendType": "F",
    "frankingPercent": 0,
    "cashFlow": -71,
    "earningsPerShare": 0.1754,
    "freeCashFlowYield": 0.05442339770714225,
    "priceEarningsRatio": 28.96237,
    "priceToCash": 18.37445,
    "foreignExempt": true,
    "shareDescription": "Ordinary Fully Paid Foreign Exempt Nzx",
    "numOfShares": 2581168324,
    "yieldAnnual": 3.0686868686868687,
    "incomeStatement": [
      {
        "revenue": 3703000000,
        "netIncome": 664000000,
        "period": "2022A",
        "fPeriodEndDate": 44742,
        "curCode": "NZD"
      },
      {
        "revenue": 3963000000,
        "netIncome": 428000000,
        "period": "2021A",
        "fPeriodEndDate": 44377,
        "curCode": "NZD"
      },
      {
        "revenue": 3405000000,
        "netIncome": 176000000,
        "period": "2020A",
        "fPeriodEndDate": 44012,
        "curCode": "NZD"
      },
      {
        "revenue": 3491000000,
        "netIncome": 339000000,
        "period": "2019A",
        "fPeriodEndDate": 43646,
        "curCode": "NZD"
      }
    ]
  },
  {
    "symbol": "NEW",
    "displayName": "NEW ENERGY SOLAR LIMITED",
    "industry": "Utilities",
    "dateListed": "2017-12-04",
    "marketCap": 62514657,
    "xid": "441638808",
    "priceChangeFiveDayPercent": 8.108108108108116,
    "isRecentListing": false,
    "priceAsk": 0.2,
    "priceBid": 0.195,
    "priceChange": 0.0050000000000000044,
    "priceChangePercent": 2.564102564102566,
    "priceLast": 0.2,
    "sector": "Utilities",
    "industryGroup": "Utilities",
    "securityType": 1,
    "volume": 5635600,
    "statusCode": "",
    "isin": "AU000000NEW2",
    "priceClose": 0.195,
    "priceDayHigh": 0.2,
    "priceDayLow": 0.19,
    "priceFiftyTwoWeekHigh": 0.995,
    "priceFiftyTwoWeekLow": 0.16,
    "volumeAverage": 1687813.032609,
    "dateExDate": "2022-02-16",
    "datePayDate": "2022-04-06",
    "dateRecordDate": "2022-02-17",
    "dividend": 0.01,
    "dividendType": "F",
    "frankingPercent": 0,
    "cashFlow": -6.09594,
    "earningsPerShare": 0.02104,
    "freeCashFlowYield": -0.0000100000010000001,
    "priceEarningsRatio": 9.5057,
    "priceToCash": -99999.99,
    "foreignExempt": false,
    "shareDescription": "Ordinary Fully Paid",
    "numOfShares": 320587986,
    "yieldAnnual": 39.5,
    "incomeStatement": [
      {
        "revenue": -4576660,
        "netIncome": -20174480,
        "period": "2021A",
        "fPeriodEndDate": 44561,
        "curCode": "AUD"
      },
      {
        "revenue": -61589550,
        "netIncome": -65057970,
        "period": "2020A",
        "fPeriodEndDate": 44196,
        "curCode": "AUD"
      },
      {
        "revenue": -28748380,
        "netIncome": -31454070,
        "period": "2019A",
        "fPeriodEndDate": 43830,
        "curCode": "AUD"
      },
      {
        "revenue": 47346310,
        "netIncome": 45703840,
        "period": "2018A",
        "fPeriodEndDate": 43465,
        "curCode": "AUD"
      }
    ]
  },
  {
    "symbol": "PO3",
    "displayName": "PURIFLOH LIMITED",
    "industry": "Utilities",
    "dateListed": "2010-12-30",
    "marketCap": 9299432,
    "xid": "28549200",
    "priceChangeFiveDayPercent": -6.349206349206355,
    "isRecentListing": false,
    "priceAsk": 0.3,
    "priceBid": 0.23,
    "priceChange": 0,
    "priceChangePercent": 0,
    "priceLast": 0.295,
    "sector": "Utilities",
    "industryGroup": "Utilities",
    "securityType": 1,
    "volume": 0,
    "statusCode": "",
    "isin": "AU0000010548",
    "priceClose": 0.295,
    "priceFiftyTwoWeekHigh": 1.15,
    "priceFiftyTwoWeekLow": 0.2,
    "volumeAverage": 4689.865385,
    "cashFlow": -0.50433,
    "earningsPerShare": -0.00752,
    "freeCashFlowYield": -0.0000100000010000001,
    "priceEarningsRatio": -99999.99,
    "priceToCash": -99999.99,
    "foreignExempt": false,
    "shareDescription": "Ordinary Fully Paid",
    "numOfShares": 31523498,
    "yieldAnnual": 0,
    "incomeStatement": [
      {
        "revenue": 79730,
        "netIncome": -237050,
        "period": "2022A",
        "fPeriodEndDate": 44742,
        "curCode": "AUD"
      },
      {
        "revenue": 20,
        "netIncome": -3087980,
        "period": "2021A",
        "fPeriodEndDate": 44377,
        "curCode": "AUD"
      },
      {
        "revenue": 56540,
        "netIncome": -4528040,
        "period": "2020A",
        "fPeriodEndDate": 44012,
        "curCode": "AUD"
      },
      {
        "revenue": 70990,
        "netIncome": -3368200,
        "period": "2019A",
        "fPeriodEndDate": 43646,
        "curCode": "AUD"
      }
    ]
  },
  {
    "symbol": "RNE",
    "displayName": "RENU ENERGY LIMITED",
    "industry": "Utilities",
    "dateListed": "2002-09-12",
    "marketCap": 21124102,
    "xid": "136754",
    "priceChangeFiveDayPercent": 2.0833333333333353,
    "isRecentListing": false,
    "priceAsk": 0.053,
    "priceBid": 0.05,
    "priceChange": 0.0010000000000000009,
    "priceChangePercent": 2.0833333333333353,
    "priceLast": 0.049,
    "sector": "Utilities",
    "industryGroup": "Utilities",
    "securityType": 1,
    "volume": 47969,
    "statusCode": "",
    "isin": "AU000000RNE2",
    "priceClose": 0.048,
    "priceDayHigh": 0.052000000000000005,
    "priceDayLow": 0.049,
    "priceFiftyTwoWeekHigh": 0.105,
    "priceFiftyTwoWeekLow": 0.026,
    "volumeAverage": 2628918.08046,
    "cashFlow": -2.00891,
    "earningsPerShare": -0.01362,
    "freeCashFlowYield": -0.0000100000010000001,
    "priceEarningsRatio": -99999.99,
    "priceToCash": -99999.99,
    "foreignExempt": false,
    "shareDescription": "Ordinary Fully Paid",
    "numOfShares": 440085457,
    "yieldAnnual": 0,
    "incomeStatement": [
      {
        "revenue": 55360,
        "netIncome": -2824540,
        "period": "2022A",
        "fPeriodEndDate": 44742,
        "curCode": "AUD"
      },
      {
        "revenue": 24210,
        "netIncome": -1001890,
        "period": "2021A",
        "fPeriodEndDate": 44377,
        "curCode": "AUD"
      },
      {
        "revenue": 242070,
        "netIncome": -4507590,
        "period": "2020A",
        "fPeriodEndDate": 44012,
        "curCode": "AUD"
      },
      {
        "revenue": 285200,
        "netIncome": -3490190,
        "period": "2019A",
        "fPeriodEndDate": 43646,
        "curCode": "AUD"
      }
    ]
  },
  {
    "symbol": "TML",
    "displayName": "TIMAH RESOURCES LIMITED",
    "industry": "Utilities",
    "dateListed": "2015-09-16",
    "marketCap": 6510294,
    "xid": "299462834",
    "priceChangeFiveDayPercent": -1.3888888888888709,
    "isRecentListing": false,
    "priceAsk": 0.07100000000000001,
    "priceBid": 0.051000000000000004,
    "priceChange": 0,
    "priceChangePercent": 0,
    "priceLast": 0.07100000000000001,
    "sector": "Utilities",
    "industryGroup": "Utilities",
    "securityType": 1,
    "volume": 0,
    "statusCode": "",
    "isin": "AU000000TML5",
    "priceClose": 0.07100000000000001,
    "priceFiftyTwoWeekHigh": 0.082,
    "priceFiftyTwoWeekLow": 0.053,
    "volumeAverage": 24199.884615,
    "cashFlow": 0.36832,
    "earningsPerShare": -0.0016,
    "freeCashFlowYield": -0.0000100000010000001,
    "priceEarningsRatio": -99999.99,
    "priceToCash": -99999.99,
    "foreignExempt": false,
    "shareDescription": "Ordinary Fully Paid",
    "numOfShares": 91694275,
    "yieldAnnual": 0,
    "incomeStatement": [
      {
        "revenue": 8774000,
        "netIncome": 358000,
        "period": "2021A",
        "fPeriodEndDate": 44561,
        "curCode": "MYR"
      },
      {
        "revenue": 9930000,
        "netIncome": -176000,
        "period": "2020A",
        "fPeriodEndDate": 44196,
        "curCode": "MYR"
      },
      {
        "revenue": 2840000,
        "netIncome": 258000,
        "period": "2019A",
        "fPeriodEndDate": 43830,
        "curCode": "MYR"
      },
      {
        "revenue": 4593000,
        "netIncome": 580000,
        "period": "2018A",
        "fPeriodEndDate": 43281,
        "curCode": "MYR"
      }
    ]
  },
  {
    "symbol": "TPC",
    "displayName": "TPC CONSOLIDATED LIMITED",
    "industry": "Utilities",
    "dateListed": "2007-07-16",
    "marketCap": 32306741,
    "xid": "7678156",
    "priceChangeFiveDayPercent": 3.2727272727272676,
    "isRecentListing": false,
    "priceAsk": 2.8000000000000003,
    "priceBid": 2.7800000000000002,
    "priceChange": 0,
    "priceChangePercent": 0,
    "priceLast": 2.84,
    "sector": "Utilities",
    "industryGroup": "Utilities",
    "securityType": 1,
    "volume": 0,
    "statusCode": "",
    "isin": "AU000000TPC7",
    "priceClose": 2.84,
    "priceFiftyTwoWeekHigh": 3.88,
    "priceFiftyTwoWeekLow": 1.5,
    "volumeAverage": 2549.931818,
    "dateExDate": "2022-09-06",
    "datePayDate": "2022-09-21",
    "dateRecordDate": "2022-09-07",
    "dividend": 0.1,
    "dividendType": "F",
    "frankingPercent": 100,
    "cashFlow": -0.50624,
    "earningsPerShare": 0.45824,
    "freeCashFlowYield": 0.18594687869569423,
    "priceEarningsRatio": 6.19763,
    "priceToCash": 5.37788,
    "foreignExempt": false,
    "shareDescription": "Ordinary Fully Paid",
    "numOfShares": 11375613,
    "yieldAnnual": 4.577464788732394,
    "incomeStatement": [
      {
        "revenue": 122984700,
        "netIncome": 5212710,
        "period": "2022A",
        "fPeriodEndDate": 44742,
        "curCode": "AUD"
      },
      {
        "revenue": 93628570,
        "netIncome": 4686820,
        "period": "2021A",
        "fPeriodEndDate": 44377,
        "curCode": "AUD"
      },
      {
        "revenue": 86346160,
        "netIncome": 3361590,
        "period": "2020A",
        "fPeriodEndDate": 44012,
        "curCode": "AUD"
      },
      {
        "revenue": 83336530,
        "netIncome": 2214990,
        "period": "2019A",
        "fPeriodEndDate": 43646,
        "curCode": "AUD"
      }
    ]
  },
  {
    "symbol": "VPR",
    "displayName": "VOLT POWER GROUP LIMITED",
    "industry": "Utilities",
    "dateListed": "1991-04-18",
    "marketCap": 16074312,
    "xid": "217222",
    "priceChangeFiveDayPercent": 0,
    "isRecentListing": false,
    "priceAsk": 0.002,
    "priceBid": 0.001,
    "priceChange": 0,
    "priceChangePercent": 0,
    "priceLast": 0.0015,
    "sector": "Utilities",
    "industryGroup": "Utilities",
    "securityType": 1,
    "volume": 16796,
    "statusCode": "",
    "isin": "AU000000VPR1",
    "priceClose": 0.0015,
    "priceDayHigh": 0.0015,
    "priceDayLow": 0.0015,
    "priceFiftyTwoWeekHigh": 0.0035,
    "priceFiftyTwoWeekLow": 0.001,
    "volumeAverage": 4698328.180328,
    "cashFlow": 0.97878,
    "earningsPerShare": -0.00003,
    "freeCashFlowYield": -0.0000100000010000001,
    "priceEarningsRatio": -99999.99,
    "priceToCash": -99999.99,
    "foreignExempt": false,
    "shareDescription": "Ordinary Fully Paid",
    "numOfShares": 10716208211,
    "yieldAnnual": 0,
    "incomeStatement": [
      {
        "revenue": 3062940,
        "netIncome": 663570,
        "period": "2021A",
        "fPeriodEndDate": 44561,
        "curCode": "AUD"
      },
      {
        "revenue": 1882670,
        "netIncome": -493310,
        "period": "2020A",
        "fPeriodEndDate": 44196,
        "curCode": "AUD"
      },
      {
        "revenue": 1144200,
        "netIncome": -1874880,
        "period": "2019A",
        "fPeriodEndDate": 43830,
        "curCode": "AUD"
      },
      {
        "revenue": 1687250,
        "netIncome": -4510790,
        "period": "2018A",
        "fPeriodEndDate": 43465,
        "curCode": "AUD"
      }
    ]
  }
]