[
  {
    "symbol": "TCF",
    "displayName": "360 CAPITAL ENHANCED INCOME FUND",
    "industry": "Not Applic",
    "dateListed": "2006-10-17",
    "marketCap": 22351020,
    "xid": "5457157",
    "priceChangeFiveDayPercent": 1.8832391713747747,
    "isRecentListing": false,
    "priceAsk": 5.41,
    "priceBid": 5.3500000000000005,
    "priceChange": 0,
    "priceChangePercent": 0,
    "priceLast": 5.41,
    "securityType": 6,
    "volume": 0,
    "statusCode": "CD",
    "isin": "AU0000108771",
    "priceClose": 5.41,
    "priceFiftyTwoWeekHigh": 5.94,
    "priceFiftyTwoWeekLow": 4.9,
    "volumeAverage": 2557.183333,
    "dateExDate": "2022-09-29",
    "datePayDate": "2022-10-07",
    "dateRecordDate": "2022-09-30",
    "dividend": 0.03,
    "dividendType": "I",
    "frankingPercent": 0,
    "cashFlow": 0.035,
    "earningsPerShare": 0.3636,
    "freeCashFlowYield": -0.0000100000010000001,
    "priceEarningsRatio": 14.87899,
    "priceToCash": -99999.99,
    "foreignExempt": false,
    "shareDescription": "Units Fully Paid",
    "numOfShares": 4131427,
    "yieldAnnual": 6.654343807763401,
    "incomeStatement": [
      {
        "revenue": 1587000,
        "netIncome": 1378000,
        "period": "2022A",
        "fPeriodEndDate": 44742,
        "curCode": "AUD"
      },
      {
        "revenue": 416000,
        "netIncome": 459000,
        "period": "2021A",
        "fPeriodEndDate": 44377,
        "curCode": "AUD"
      },
      {
        "revenue": 643370,
        "netIncome": 756710,
        "period": "2020A",
        "fPeriodEndDate": 44012,
        "curCode": "AUD"
      },
      {
        "revenue": 847500,
        "netIncome": 1255880,
        "period": "2019A",
        "fPeriodEndDate": 43646,
        "curCode": "AUD"
      }
    ]
  },
  {
    "symbol": "AEG",
    "displayName": "ABSOLUTE EQUITY PERFORMANCE FUND LIMITED",
    "industry": "Not Applic",
    "dateListed": "2015-12-16",
    "marketCap": 86203026,
    "xid": "320718230",
    "priceChangeFiveDayPercent": -3.0612244897959098,
    "isRecentListing": false,
    "priceAsk": 0.97,
    "priceBid": 0.9500000000000001,
    "priceChange": -0.0050000000000000044,
    "priceChangePercent": -0.5235602094240842,
    "priceLast": 0.9500000000000001,
    "securityType": 1,
    "volume": 1530120,
    "statusCode": "",
    "isin": "AU000000AEG2",
    "priceClose": 0.9550000000000001,
    "priceDayHigh": 0.96,
    "priceDayLow": 0.925,
    "priceFiftyTwoWeekHigh": 1.09,
    "priceFiftyTwoWeekLow": 0.75,
    "volumeAverage": 242075.580645,
    "dateExDate": "2021-09-14",
    "datePayDate": "2021-10-15",
    "dateRecordDate": "2021-09-15",
    "dividend": 0.026,
    "dividendType": "F",
    "frankingPercent": 100,
    "cashFlow": -21.52048,
    "earningsPerShare": -0.17331,
    "freeCashFlowYield": -0.0000100000010000001,
    "priceEarningsRatio": -99999.99,
    "priceToCash": -99999.99,
    "foreignExempt": false,
    "shareDescription": "Ordinary Fully Paid",
    "numOfShares": 90264949,
    "yieldAnnual": 2.7368421052631575,
    "incomeStatement": [
      {
        "revenue": -9802410,
        "netIncome": -15679010,
        "period": "2022A",
        "fPeriodEndDate": 44742,
        "curCode": "AUD"
      },
      {
        "revenue": 14617650,
        "netIncome": 1440250,
        "period": "2021A",
        "fPeriodEndDate": 44377,
        "curCode": "AUD"
      },
      {
        "revenue": 48603870,
        "netIncome": 23808100,
        "period": "2020A",
        "fPeriodEndDate": 44012,
        "curCode": "AUD"
      },
      {
        "revenue": 5234200,
        "netIncome": -9111150,
        "period": "2019A",
        "fPeriodEndDate": 43646,
        "curCode": "AUD"
      }
    ]
  },
  {
    "symbol": "ACQ",
    "displayName": "ACORN CAPITAL INVESTMENT FUND LIMITED",
    "industry": "Not Applic",
    "dateListed": "2014-05-01",
    "marketCap": 92516492,
    "xid": "74285777",
    "priceChangeFiveDayPercent": -6.55021834061135,
    "isRecentListing": false,
    "priceAsk": 1.07,
    "priceBid": 1.05,
    "priceChange": -0.004999999999999893,
    "priceChangePercent": -0.46511627906975755,
    "priceLast": 1.07,
    "securityType": 1,
    "volume": 27466,
    "statusCode": "CD",
    "isin": "AU000000ACQ5",
    "priceClose": 1.075,
    "priceDayHigh": 1.07,
    "priceDayLow": 1.05,
    "priceFiftyTwoWeekHigh": 1.81,
    "priceFiftyTwoWeekLow": 1.02,
    "volumeAverage": 50144.406593,
    "dateExDate": "2022-11-10",
    "datePayDate": "2022-11-28",
    "dateRecordDate": "2022-11-11",
    "dividend": 0.0425,
    "dividendType": "F",
    "frankingPercent": 100,
    "cashFlow": -35.054,
    "earningsPerShare": -0.17756,
    "freeCashFlowYield": -0.0000100000010000001,
    "priceEarningsRatio": -99999.99,
    "priceToCash": -99999.99,
    "foreignExempt": false,
    "shareDescription": "Ordinary Fully Paid",
    "numOfShares": 86061853,
    "yieldAnnual": 7.943925233644859,
    "incomeStatement": [
      {
        "revenue": 567000,
        "netIncome": -16988000,
        "period": "2022A",
        "fPeriodEndDate": 44742,
        "curCode": "AUD"
      },
      {
        "revenue": 1115000,
        "netIncome": 26848000,
        "period": "2021A",
        "fPeriodEndDate": 44377,
        "curCode": "AUD"
      },
      {
        "revenue": 1064000,
        "netIncome": 2041000,
        "period": "2020A",
        "fPeriodEndDate": 44012,
        "curCode": "AUD"
      },
      {
        "revenue": 919000,
        "netIncome": -567000,
        "period": "2019A",
        "fPeriodEndDate": 43646,
        "curCode": "AUD"
      }
    ]
  },
  {
    "symbol": "AIQ",
    "displayName": "ALTERNATIVE INVESTMENT TRUST",
    "industry": "Not Applic",
    "dateListed": "2005-05-08",
    "marketCap": 43218521,
    "xid": "5304916",
    "priceChangeFiveDayPercent": 18.181818181818176,
    "isRecentListing": false,
    "priceAsk": 1.235,
    "priceBid": 1.23,
    "priceChange": -0.06499999999999995,
    "priceChangePercent": -4.761904761904758,
    "priceLast": 1.3,
    "securityType": 6,
    "volume": 34,
    "statusCode": "RE",
    "isin": "AU000000AIQ2",
    "priceClose": 1.365,
    "priceDayHigh": 1.3,
    "priceDayLow": 1.3,
    "priceFiftyTwoWeekHigh": 1.4,
    "priceFiftyTwoWeekLow": 0.95,
    "volumeAverage": 45760.535294,
    "dateExDate": "2022-07-20",
    "datePayDate": "2022-08-18",
    "dateRecordDate": "2022-07-21",
    "dividend": 0.0041,
    "dividendType": "I",
    "frankingPercent": 0,
    "cashFlow": 1.098,
    "earningsPerShare": 0.4627,
    "freeCashFlowYield": -0.0000100000010000001,
    "priceEarningsRatio": 2.95008,
    "priceToCash": -99999.99,
    "foreignExempt": false,
    "shareDescription": "Ordinary Units Fully Paid",
    "numOfShares": 31661920,
    "yieldAnnual": 0,
    "incomeStatement": [
      {
        "revenue": 7583000,
        "netIncome": 7219000,
        "period": "2021A",
        "fPeriodEndDate": 44561,
        "curCode": "AUD"
      },
      {
        "revenue": 8489000,
        "netIncome": 8002000,
        "period": "2020A",
        "fPeriodEndDate": 44196,
        "curCode": "AUD"
      },
      {
        "revenue": 3463000,
        "netIncome": 2888000,
        "period": "2019A",
        "fPeriodEndDate": 43830,
        "curCode": "AUD"
      },
      {
        "revenue": 1536000,
        "netIncome": 983000,
        "period": "2018A",
        "fPeriodEndDate": 43465,
        "curCode": "AUD"
      }
    ]
  },
  {
    "symbol": "AMH",
    "displayName": "AMCIL LIMITED",
    "industry": "Not Applic",
    "dateListed": "2000-02-10",
    "marketCap": 333081835,
    "xid": "44535",
    "priceChangeFiveDayPercent": 0,
    "isRecentListing": false,
    "priceAsk": 1.07,
    "priceBid": 1.055,
    "priceChange": 0,
    "priceChangePercent": 0,
    "priceLast": 1.07,
    "sector": "Financials",
    "industryGroup": "Diversified Financials",
    "securityType": 1,
    "volume": 99590,
    "statusCode": "",
    "isin": "AU000000AMH3",
    "priceClose": 1.07,
    "priceDayHigh": 1.07,
    "priceDayLow": 1.055,
    "priceFiftyTwoWeekHigh": 1.39,
    "priceFiftyTwoWeekLow": 1.05,
    "volumeAverage": 84132.784946,
    "dateExDate": "2022-08-03",
    "datePayDate": "2022-08-25",
    "dateRecordDate": "2022-08-04",
    "dividend": 0.025,
    "dividendType": "F",
    "frankingPercent": 100,
    "cashFlow": -9.936,
    "earningsPerShare": 0.02673,
    "freeCashFlowYield": -0.0000100000010000001,
    "priceEarningsRatio": 40.02993,
    "priceToCash": -99999.99,
    "foreignExempt": false,
    "shareDescription": "Ordinary Fully Paid",
    "numOfShares": 311291435,
    "yieldAnnual": 3.2710280373831777,
    "incomeStatement": [
      {
        "revenue": 10442000,
        "netIncome": 8115000,
        "period": "2022A",
        "fPeriodEndDate": 44742,
        "curCode": "AUD"
      },
      {
        "revenue": 8721000,
        "netIncome": 6776000,
        "period": "2021A",
        "fPeriodEndDate": 44377,
        "curCode": "AUD"
      },
      {
        "revenue": 8482000,
        "netIncome": 5963000,
        "period": "2020A",
        "fPeriodEndDate": 44012,
        "curCode": "AUD"
      },
      {
        "revenue": 9068000,
        "netIncome": 7015000,
        "period": "2019A",
        "fPeriodEndDate": 43646,
        "curCode": "AUD"
      }
    ]
  },
  {
    "symbol": "ALI",
    "displayName": "ARGO GLOBAL LISTED INFRASTRUCTURE LIMITED",
    "industry": "Not Applic",
    "dateListed": "2015-07-03",
    "marketCap": 415487732,
    "xid": "276510529",
    "priceChangeFiveDayPercent": -2.7559055118110174,
    "isRecentListing": false,
    "priceAsk": 2.52,
    "priceBid": 2.47,
    "priceChange": -0.009999999999999787,
    "priceChangePercent": -0.40322580645160433,
    "priceLast": 2.47,
    "securityType": 1,
    "volume": 35065,
    "statusCode": "XD",
    "isin": "AU000000ALI3",
    "priceClose": 2.48,
    "priceDayHigh": 2.5100000000000002,
    "priceDayLow": 2.47,
    "priceFiftyTwoWeekHigh": 2.77,
    "priceFiftyTwoWeekLow": 2.15,
    "volumeAverage": 66569.457447,
    "dateExDate": "2022-09-09",
    "datePayDate": "2022-09-30",
    "dateRecordDate": "2022-09-12",
    "dividend": 0.045,
    "dividendType": "F",
    "frankingPercent": 100,
    "cashFlow": -24.169,
    "earningsPerShare": 0.18772,
    "freeCashFlowYield": -0.0000100000010000001,
    "priceEarningsRatio": 13.21117,
    "priceToCash": -99999.99,
    "foreignExempt": false,
    "shareDescription": "Ordinary Fully Paid",
    "numOfShares": 167535376,
    "yieldAnnual": 3.2388663967611335,
    "incomeStatement": [
      {
        "revenue": 48870000,
        "netIncome": 29867000,
        "period": "2022A",
        "fPeriodEndDate": 44742,
        "curCode": "AUD"
      },
      {
        "revenue": 32897000,
        "netIncome": 18795000,
        "period": "2021A",
        "fPeriodEndDate": 44377,
        "curCode": "AUD"
      },
      {
        "revenue": -7444000,
        "netIncome": -9313000,
        "period": "2020A",
        "fPeriodEndDate": 44012,
        "curCode": "AUD"
      },
      {
        "revenue": 69973000,
        "netIncome": 44913000,
        "period": "2019A",
        "fPeriodEndDate": 43646,
        "curCode": "AUD"
      }
    ]
  },
  {
    "symbol": "ARG",
    "displayName": "ARGO INVESTMENTS LIMITED",
    "industry": "Not Applic",
    "dateListed": "1963-03-31",
    "marketCap": 6813443870,
    "xid": "47787",
    "priceChangeFiveDayPercent": -1.746724890829696,
    "isRecentListing": false,
    "priceAsk": 9.120000000000001,
    "priceBid": 9,
    "priceChange": -0.05000000000000071,
    "priceChangePercent": -0.5524861878453117,
    "priceLast": 9,
    "securityType": 1,
    "volume": 230798,
    "statusCode": "",
    "isin": "AU000000ARG4",
    "priceClose": 9.05,
    "priceDayHigh": 9.11,
    "priceDayLow": 9,
    "priceFiftyTwoWeekHigh": 10.48,
    "priceFiftyTwoWeekLow": 8.6,
    "volumeAverage": 173707.287234,
    "dateExDate": "2022-08-26",
    "datePayDate": "2022-09-16",
    "dateRecordDate": "2022-08-29",
    "dividend": 0.17,
    "dividendType": "F",
    "frankingPercent": 100,
    "cashFlow": 20.054,
    "earningsPerShare": 0.42656,
    "freeCashFlowYield": -0.0000100000010000001,
    "priceEarningsRatio": 21.21624,
    "priceToCash": -99999.99,
    "foreignExempt": false,
    "shareDescription": "Ordinary Fully Paid",
    "numOfShares": 752866726,
    "yieldAnnual": 3.6666666666666665,
    "incomeStatement": [
      {
        "revenue": 337673000,
        "netIncome": 312928000,
        "period": "2022A",
        "fPeriodEndDate": 44742,
        "curCode": "AUD"
      },
      {
        "revenue": 187975000,
        "netIncome": 173989000,
        "period": "2021A",
        "fPeriodEndDate": 44377,
        "curCode": "AUD"
      },
      {
        "revenue": 225153000,
        "netIncome": 199456000,
        "period": "2020A",
        "fPeriodEndDate": 44012,
        "curCode": "AUD"
      },
      {
        "revenue": 315175000,
        "netIncome": 292673000,
        "period": "2019A",
        "fPeriodEndDate": 43646,
        "curCode": "AUD"
      }
    ]
  },
  {
    "symbol": "AIB",
    "displayName": "AURORA GLOBAL INCOME TRUST",
    "industry": "Not Applic",
    "dateListed": "2007-12-24",
    "marketCap": 687533,
    "xid": "9114664",
    "priceChangeFiveDayPercent": 0,
    "isRecentListing": false,
    "priceAsk": 0.125,
    "priceBid": 0.1,
    "priceChange": 0,
    "priceChangePercent": 0,
    "priceLast": 0.1,
    "securityType": 6,
    "volume": 2028,
    "statusCode": "",
    "isin": "AU000000AIB4",
    "priceClose": 0.1,
    "priceDayHigh": 0.105,
    "priceDayLow": 0.1,
    "priceFiftyTwoWeekHigh": 0.15,
    "priceFiftyTwoWeekLow": 0.09,
    "volumeAverage": 8713.5,
    "dateExDate": "2019-06-28",
    "datePayDate": "2019-08-19",
    "dateRecordDate": "2019-07-01",
    "dividend": 0.0007,
    "dividendType": "F",
    "frankingPercent": 0,
    "cashFlow": 0.0033,
    "earningsPerShare": 0,
    "freeCashFlowYield": -0.0000100000010000001,
    "priceEarningsRatio": -99999.99,
    "priceToCash": -99999.99,
    "foreignExempt": false,
    "shareDescription": "Ordinary Units Fully Paid",
    "numOfShares": 6875332,
    "yieldAnnual": 0,
    "incomeStatement": [
      {
        "revenue": -32768,
        "netIncome": 19780,
        "period": "2022A",
        "fPeriodEndDate": 44742,
        "curCode": "AUD"
      },
      {
        "revenue": 0,
        "netIncome": 90230,
        "period": "2021A",
        "fPeriodEndDate": 44377,
        "curCode": "AUD"
      },
      {
        "revenue": 950,
        "netIncome": -239280,
        "period": "2020A",
        "fPeriodEndDate": 44012,
        "curCode": "AUD"
      },
      {
        "revenue": 29690,
        "netIncome": -617000,
        "period": "2019A",
        "fPeriodEndDate": 43646,
        "curCode": "AUD"
      }
    ]
  },
  {
    "symbol": "AFI",
    "displayName": "AUSTRALIAN FOUNDATION INVESTMENT COMPANY LIMITED",
    "industry": "Not Applic",
    "dateListed": "1962-06-30",
    "marketCap": 9390748921,
    "xid": "40074",
    "priceChangeFiveDayPercent": -1.315789473684206,
    "isRecentListing": false,
    "priceAsk": 7.55,
    "priceBid": 7.5,
    "priceChange": -0.10000000000000053,
    "priceChangePercent": -1.3157894736842175,
    "priceLast": 7.5,
    "securityType": 1,
    "volume": 351991,
    "statusCode": "",
    "isin": "AU000000AFI5",
    "priceClose": 7.6000000000000005,
    "priceDayHigh": 7.61,
    "priceDayLow": 7.5,
    "priceFiftyTwoWeekHigh": 8.92,
    "priceFiftyTwoWeekLow": 7.4,
    "volumeAverage": 366217.648936,
    "dateExDate": "2022-08-10",
    "datePayDate": "2022-08-30",
    "dateRecordDate": "2022-08-11",
    "dividend": 0.14,
    "dividendType": "F",
    "frankingPercent": 100,
    "cashFlow": 56.842,
    "earningsPerShare": 0.29387,
    "freeCashFlowYield": -0.0000100000010000001,
    "priceEarningsRatio": 25.86178,
    "priceToCash": -99999.99,
    "foreignExempt": false,
    "shareDescription": "Ordinary Fully Paid",
    "numOfShares": 1235624858,
    "yieldAnnual": 3.2,
    "incomeStatement": [
      {
        "revenue": 394053000,
        "netIncome": 360537000,
        "period": "2022A",
        "fPeriodEndDate": 44742,
        "curCode": "AUD"
      },
      {
        "revenue": 265293000,
        "netIncome": 234651000,
        "period": "2021A",
        "fPeriodEndDate": 44377,
        "curCode": "AUD"
      },
      {
        "revenue": 274047000,
        "netIncome": 239931000,
        "period": "2020A",
        "fPeriodEndDate": 44012,
        "curCode": "AUD"
      },
      {
        "revenue": 436667000,
        "netIncome": 405932000,
        "period": "2019A",
        "fPeriodEndDate": 43646,
        "curCode": "AUD"
      }
    ]
  },
  {
    "symbol": "AUI",
    "displayName": "AUSTRALIAN UNITED INVESTMENT COMPANY LIMITED",
    "industry": "Not Applic",
    "dateListed": "1974-01-01",
    "marketCap": 1181688386,
    "xid": "54480",
    "priceChangeFiveDayPercent": -1.4675052410901341,
    "isRecentListing": false,
    "priceAsk": 9.48,
    "priceBid": 9.44,
    "priceChange": -0.019999999999999574,
    "priceChangePercent": -0.21231422505307404,
    "priceLast": 9.4,
    "securityType": 1,
    "volume": 21149,
    "statusCode": "",
    "isin": "AU000000AUI4",
    "priceClose": 9.42,
    "priceDayHigh": 9.47,
    "priceDayLow": 9.4,
    "priceFiftyTwoWeekHigh": 10.36,
    "priceFiftyTwoWeekLow": 9.24,
    "volumeAverage": 21725.351064,
    "dateExDate": "2022-08-23",
    "datePayDate": "2022-09-09",
    "dateRecordDate": "2022-08-24",
    "dividend": 0.2,
    "dividendType": "F",
    "frankingPercent": 100,
    "cashFlow": 10.492,
    "earningsPerShare": 0.57521,
    "freeCashFlowYield": -0.0000100000010000001,
    "priceEarningsRatio": 16.37663,
    "priceToCash": -99999.99,
    "foreignExempt": false,
    "shareDescription": "Ordinary Fully Paid",
    "numOfShares": 125444627,
    "yieldAnnual": 3.9361702127659575,
    "incomeStatement": [
      {
        "revenue": 77764000,
        "netIncome": 71986000,
        "period": "2022A",
        "fPeriodEndDate": 44742,
        "curCode": "AUD"
      },
      {
        "revenue": 46126000,
        "netIncome": 40505000,
        "period": "2021A",
        "fPeriodEndDate": 44377,
        "curCode": "AUD"
      },
      {
        "revenue": 46529000,
        "netIncome": 41145000,
        "period": "2020A",
        "fPeriodEndDate": 44012,
        "curCode": "AUD"
      },
      {
        "revenue": 62530000,
        "netIncome": 55777000,
        "period": "2019A",
        "fPeriodEndDate": 43646,
        "curCode": "AUD"
      }
    ]
  },
  {
    "symbol": "BHD",
    "displayName": "BENJAMIN HORNIGOLD LIMITED",
    "industry": "Not Applic",
    "dateListed": "2017-05-12",
    "marketCap": 5193377,
    "xid": "404139949",
    "priceChangeFiveDayPercent": 0,
    "isRecentListing": false,
    "priceAsk": 0.25,
    "priceBid": 0.215,
    "priceChange": 0.010000000000000009,
    "priceChangePercent": 4.651162790697678,
    "priceLast": 0.225,
    "securityType": 1,
    "volume": 8998,
    "statusCode": "",
    "isin": "AU000000BHD0",
    "priceClose": 0.215,
    "priceDayHigh": 0.24,
    "priceDayLow": 0.225,
    "priceFiftyTwoWeekHigh": 0.305,
    "priceFiftyTwoWeekLow": 0.205,
    "volumeAverage": 42182.275862,
    "dateExDate": "2018-02-08",
    "datePayDate": "2018-03-09",
    "dateRecordDate": "2018-02-09",
    "dividend": 0.12,
    "dividendType": "I",
    "frankingPercent": 10,
    "cashFlow": -0.67596,
    "earningsPerShare": -0.0513,
    "freeCashFlowYield": -0.0000100000010000001,
    "priceEarningsRatio": -99999.99,
    "priceToCash": -99999.99,
    "foreignExempt": false,
    "shareDescription": "Ordinary Fully Paid",
    "numOfShares": 24155241,
    "yieldAnnual": 0,
    "incomeStatement": [
      {
        "revenue": -171250,
        "netIncome": -1239020,
        "period": "2022A",
        "fPeriodEndDate": 44742,
        "curCode": "AUD"
      },
      {
        "revenue": 2090050,
        "netIncome": 1260800,
        "period": "2021A",
        "fPeriodEndDate": 44377,
        "curCode": "AUD"
      },
      {
        "revenue": 848530,
        "netIncome": -750240,
        "period": "2020A",
        "fPeriodEndDate": 44012,
        "curCode": "AUD"
      },
      {
        "revenue": -1752660,
        "netIncome": -9821540,
        "period": "2019A",
        "fPeriodEndDate": 43646,
        "curCode": "AUD"
      }
    ]
  },
  {
    "symbol": "BEL",
    "displayName": "BENTLEY CAPITAL LIMITED",
    "industry": "Not Applic",
    "dateListed": "1986-11-07",
    "marketCap": 4872187,
    "xid": "59606",
    "priceChangeFiveDayPercent": 1.5873015873015888,
    "isRecentListing": false,
    "priceAsk": 0.064,
    "priceBid": 0.063,
    "priceChange": 0,
    "priceChangePercent": 0,
    "priceLast": 0.064,
    "securityType": 1,
    "volume": 31846,
    "statusCode": "",
    "isin": "AU000000BEL0",
    "priceClose": 0.064,
    "priceDayHigh": 0.065,
    "priceDayLow": 0.064,
    "priceFiftyTwoWeekHigh": 0.11,
    "priceFiftyTwoWeekLow": 0.056,
    "volumeAverage": 36329.4,
    "dateExDate": "2018-07-12",
    "datePayDate": "2018-07-20",
    "dateRecordDate": "2018-07-13",
    "dividend": 0.005,
    "dividendType": "F",
    "frankingPercent": 100,
    "cashFlow": -0.73674,
    "earningsPerShare": -0.11357,
    "freeCashFlowYield": -0.0000100000010000001,
    "priceEarningsRatio": -99999.99,
    "priceToCash": -99999.99,
    "foreignExempt": false,
    "shareDescription": "Ordinary Fully Paid",
    "numOfShares": 76127918,
    "yieldAnnual": 0,
    "incomeStatement": [
      {
        "revenue": 6380,
        "netIncome": -8646190,
        "period": "2022A",
        "fPeriodEndDate": 44742,
        "curCode": "AUD"
      },
      {
        "revenue": 12095840,
        "netIncome": 10433850,
        "period": "2021A",
        "fPeriodEndDate": 44377,
        "curCode": "AUD"
      },
      {
        "revenue": 475350,
        "netIncome": -1142550,
        "period": "2020A",
        "fPeriodEndDate": 44012,
        "curCode": "AUD"
      },
      {
        "revenue": 296380,
        "netIncome": -2458410,
        "period": "2019A",
        "fPeriodEndDate": 43646,
        "curCode": "AUD"
      }
    ]
  },
  {
    "symbol": "BKI",
    "displayName": "BKI INVESTMENT COMPANY LIMITED",
    "industry": "Not Applic",
    "dateListed": "2003-12-12",
    "marketCap": 1252690676,
    "xid": "62113",
    "priceChangeFiveDayPercent": 0.29940119760479733,
    "isRecentListing": false,
    "priceAsk": 1.675,
    "priceBid": 1.665,
    "priceChange": -0.004999999999999893,
    "priceChangePercent": -0.2976190476190413,
    "priceLast": 1.675,
    "securityType": 1,
    "volume": 338578,
    "statusCode": "",
    "isin": "AU000000BKI3",
    "priceClose": 1.68,
    "priceDayHigh": 1.68,
    "priceDayLow": 1.665,
    "priceFiftyTwoWeekHigh": 1.79,
    "priceFiftyTwoWeekLow": 1.56,
    "volumeAverage": 326005.191489,
    "dateExDate": "2022-08-09",
    "datePayDate": "2022-08-30",
    "dateRecordDate": "2022-08-10",
    "dividend": 0.0465,
    "dividendType": "F",
    "frankingPercent": 100,
    "cashFlow": 54.963,
    "earningsPerShare": 0.136,
    "freeCashFlowYield": -0.0000100000010000001,
    "priceEarningsRatio": 12.35294,
    "priceToCash": -99999.99,
    "foreignExempt": false,
    "shareDescription": "Ordinary Fully Paid",
    "numOfShares": 745649212,
    "yieldAnnual": 5.164179104477612,
    "incomeStatement": [
      {
        "revenue": 106103000,
        "netIncome": 100799000,
        "period": "2022A",
        "fPeriodEndDate": 44742,
        "curCode": "AUD"
      },
      {
        "revenue": 41176000,
        "netIncome": 36645000,
        "period": "2021A",
        "fPeriodEndDate": 44377,
        "curCode": "AUD"
      },
      {
        "revenue": 53914000,
        "netIncome": 48622000,
        "period": "2020A",
        "fPeriodEndDate": 44012,
        "curCode": "AUD"
      },
      {
        "revenue": 82231000,
        "netIncome": 74700000,
        "period": "2019A",
        "fPeriodEndDate": 43646,
        "curCode": "AUD"
      }
    ]
  },
  {
    "symbol": "BTC",
    "displayName": "BTC HEALTH LTD",
    "industry": "Not Applic",
    "dateListed": "2000-08-29",
    "marketCap": 15501549,
    "xid": "66844",
    "priceChangeFiveDayPercent": -5.084745762711858,
    "isRecentListing": false,
    "priceAsk": 0.059000000000000004,
    "priceBid": 0.052000000000000005,
    "priceChange": 0.0010000000000000009,
    "priceChangePercent": 1.81818181818182,
    "priceLast": 0.056,
    "securityType": 1,
    "volume": 36,
    "statusCode": "",
    "isin": "AU000000BTC7",
    "priceClose": 0.055,
    "priceDayHigh": 0.056,
    "priceDayLow": 0.056,
    "priceFiftyTwoWeekHigh": 0.088,
    "priceFiftyTwoWeekLow": 0.039,
    "volumeAverage": 172086.9375,
    "dateExDate": "2012-10-19",
    "datePayDate": "2012-11-12",
    "dateRecordDate": "2012-10-25",
    "dividend": 0.01,
    "dividendType": "I",
    "frankingPercent": 0,
    "cashFlow": -0.39291,
    "earningsPerShare": -0.00206,
    "freeCashFlowYield": -0.0000100000010000001,
    "priceEarningsRatio": -99999.99,
    "priceToCash": -99999.99,
    "foreignExempt": false,
    "shareDescription": "Ordinary Fully Paid",
    "numOfShares": 281846354,
    "yieldAnnual": 0,
    "incomeStatement": [
      {
        "revenue": 95000,
        "netIncome": -576080,
        "period": "2022A",
        "fPeriodEndDate": 44742,
        "curCode": "AUD"
      },
      {
        "revenue": 19190,
        "netIncome": -391690,
        "period": "2021A",
        "fPeriodEndDate": 44377,
        "curCode": "AUD"
      },
      {
        "revenue": 169600,
        "netIncome": -283040,
        "period": "2020A",
        "fPeriodEndDate": 44012,
        "curCode": "AUD"
      },
      {
        "revenue": 187760,
        "netIncome": -692740,
        "period": "2019A",
        "fPeriodEndDate": 43646,
        "curCode": "AUD"
      }
    ]
  },
  {
    "symbol": "CDM",
    "displayName": "CADENCE CAPITAL LIMITED",
    "industry": "Not Applic",
    "dateListed": "2006-12-05",
    "marketCap": 294803983,
    "xid": "5933277",
    "priceChangeFiveDayPercent": 2.659574468085109,
    "isRecentListing": false,
    "priceAsk": 0.975,
    "priceBid": 0.96,
    "priceChange": -0.025000000000000022,
    "priceChangePercent": -2.5252525252525273,
    "priceLast": 0.965,
    "securityType": 1,
    "volume": 400418,
    "statusCode": "CD",
    "isin": "AU000000CDM8",
    "priceClose": 0.99,
    "priceDayHigh": 0.985,
    "priceDayLow": 0.9550000000000001,
    "priceFiftyTwoWeekHigh": 1.2,
    "priceFiftyTwoWeekLow": 0.84,
    "volumeAverage": 276136.670213,
    "dateExDate": "2022-10-17",
    "datePayDate": "2022-10-28",
    "dateRecordDate": "2022-10-18",
    "dividend": 0.04,
    "dividendType": "F",
    "frankingPercent": 100,
    "cashFlow": 125.4662,
    "earningsPerShare": -0.01459,
    "freeCashFlowYield": -0.0000100000010000001,
    "priceEarningsRatio": -99999.99,
    "priceToCash": -99999.99,
    "foreignExempt": false,
    "shareDescription": "Ordinary Fully Paid",
    "numOfShares": 297781801,
    "yieldAnnual": 8.290155440414507,
    "incomeStatement": [
      {
        "revenue": -820140,
        "netIncome": -4465610,
        "period": "2022A",
        "fPeriodEndDate": 44742,
        "curCode": "AUD"
      },
      {
        "revenue": 122556170,
        "netIncome": 75013450,
        "period": "2021A",
        "fPeriodEndDate": 44377,
        "curCode": "AUD"
      },
      {
        "revenue": -10589450,
        "netIncome": -10878270,
        "period": "2020A",
        "fPeriodEndDate": 44012,
        "curCode": "AUD"
      },
      {
        "revenue": -79918160,
        "netIncome": -59307820,
        "period": "2019A",
        "fPeriodEndDate": 43646,
        "curCode": "AUD"
      }
    ]
  },
  {
    "symbol": "CDO",
    "displayName": "CADENCE OPPORTUNITIES FUND LIMITED.",
    "industry": "Not Applic",
    "dateListed": "2021-11-19",
    "marketCap": 35799771,
    "xid": "503220421",
    "priceChangeFiveDayPercent": -2.083333333333326,
    "isRecentListing": false,
    "priceAsk": 2.35,
    "priceBid": 2.3000000000000003,
    "priceChange": 0,
    "priceChangePercent": 0,
    "priceLast": 2.35,
    "securityType": 1,
    "volume": 0,
    "statusCode": "CD",
    "isin": "AU0000186165",
    "priceClose": 2.35,
    "priceFiftyTwoWeekHigh": 3.1,
    "priceFiftyTwoWeekLow": 2.3,
    "volumeAverage": 6854.938776,
    "dateExDate": "2022-10-17",
    "datePayDate": "2022-10-28",
    "dateRecordDate": "2022-10-18",
    "dividend": 0.075,
    "dividendType": "F",
    "frankingPercent": 100,
    "cashFlow": 2.08091,
    "earningsPerShare": -0.21607,
    "freeCashFlowYield": -0.0000100000010000001,
    "priceEarningsRatio": -99999.99,
    "priceToCash": -99999.99,
    "foreignExempt": false,
    "shareDescription": "Ordinary Fully Paid",
    "numOfShares": 15233945,
    "yieldAnnual": 0,
    "incomeStatement": [
      {
        "revenue": -1011320,
        "netIncome": -1520200,
        "period": "2022A",
        "fPeriodEndDate": 44742,
        "curCode": "AUD"
      },
      {
        "revenue": 10311010,
        "netIncome": 5594050,
        "period": "2021A",
        "fPeriodEndDate": 44377,
        "curCode": "AUD"
      },
      {
        "revenue": 3000330,
        "netIncome": 1540980,
        "period": "2020A",
        "fPeriodEndDate": 44012,
        "curCode": "AUD"
      },
      {
        "revenue": 603140,
        "netIncome": 293390,
        "period": "2019A",
        "fPeriodEndDate": 43646,
        "curCode": "AUD"
      }
    ]
  },
  {
    "symbol": "CIN",
    "displayName": "CARLTON INVESTMENTS LIMITED",
    "industry": "Not Applic",
    "dateListed": "1970-06-30",
    "marketCap": 794240250,
    "xid": "75783",
    "priceChangeFiveDayPercent": -0.3333333333333262,
    "isRecentListing": false,
    "priceAsk": 30.19,
    "priceBid": 29.900000000000002,
    "priceChange": -0.09999999999999787,
    "priceChangePercent": -0.3333333333333262,
    "priceLast": 29.900000000000002,
    "securityType": 1,
    "volume": 708,
    "statusCode": "",
    "isin": "AU000000CIN5",
    "priceClose": 30,
    "priceDayHigh": 29.900000000000002,
    "priceDayLow": 29.900000000000002,
    "priceFiftyTwoWeekHigh": 33.8,
    "priceFiftyTwoWeekLow": 28.35,
    "volumeAverage": 2652.175676,
    "dateExDate": "2022-08-31",
    "datePayDate": "2022-09-19",
    "dateRecordDate": "2022-09-01",
    "dividend": 0.58,
    "dividendType": "F",
    "frankingPercent": 100,
    "cashFlow": 6.914,
    "earningsPerShare": 1.27507,
    "freeCashFlowYield": -0.0000100000010000001,
    "priceEarningsRatio": 23.52812,
    "priceToCash": -99999.99,
    "foreignExempt": false,
    "shareDescription": "Ordinary Fully Paid",
    "numOfShares": 26474675,
    "yieldAnnual": 3.277591973244147,
    "incomeStatement": [
      {
        "revenue": 35643000,
        "netIncome": 33757000,
        "period": "2022A",
        "fPeriodEndDate": 44742,
        "curCode": "AUD"
      },
      {
        "revenue": 21960000,
        "netIncome": 21029000,
        "period": "2021A",
        "fPeriodEndDate": 44377,
        "curCode": "AUD"
      },
      {
        "revenue": 40159000,
        "netIncome": 38115000,
        "period": "2020A",
        "fPeriodEndDate": 44012,
        "curCode": "AUD"
      },
      {
        "revenue": 47301000,
        "netIncome": 45526000,
        "period": "2019A",
        "fPeriodEndDate": 43646,
        "curCode": "AUD"
      }
    ]
  },
  {
    "symbol": "CD1",
    "displayName": "CD PRIVATE EQUITY FUND I",
    "industry": "Not Applic",
    "dateListed": "2012-08-14",
    "marketCap": 35089133,
    "xid": "49020907",
    "priceChangeFiveDayPercent": -4.999999999999993,
    "isRecentListing": false,
    "priceAsk": 0.9500000000000001,
    "priceBid": 0.925,
    "priceChange": -0.009999999999999898,
    "priceChangePercent": -1.041666666666656,
    "priceLast": 0.9500000000000001,
    "securityType": 6,
    "volume": 48737,
    "statusCode": "",
    "isin": "AU000000CD11",
    "priceClose": 0.96,
    "priceDayHigh": 0.985,
    "priceDayLow": 0.9500000000000001,
    "priceFiftyTwoWeekHigh": 1.6,
    "priceFiftyTwoWeekLow": 0.95,
    "volumeAverage": 19016.608696,
    "dateExDate": "2021-12-29",
    "datePayDate": "2022-01-21",
    "dateRecordDate": "2021-12-30",
    "dividend": 0.235,
    "dividendType": "I",
    "frankingPercent": 0,
    "foreignExempt": false,
    "shareDescription": "Ordinary Units Fully Paid",
    "numOfShares": 36551180,
    "yieldAnnual": 34.21052631578947,
    "incomeStatement": []
  },
  {
    "symbol": "CD2",
    "displayName": "CD PRIVATE EQUITY FUND II",
    "industry": "Not Applic",
    "dateListed": "2013-04-09",
    "marketCap": 71633952,
    "xid": "56950933",
    "priceChangeFiveDayPercent": -0.7352941176470594,
    "isRecentListing": false,
    "priceAsk": 1.5,
    "priceBid": 1.35,
    "priceChange": -0.014999999999999902,
    "priceChangePercent": -1.0989010989010917,
    "priceLast": 1.35,
    "securityType": 6,
    "volume": 32407,
    "statusCode": "",
    "isin": "AU000000CD29",
    "priceClose": 1.365,
    "priceDayHigh": 1.365,
    "priceDayLow": 1.35,
    "priceFiftyTwoWeekHigh": 2.01,
    "priceFiftyTwoWeekLow": 1.3,
    "volumeAverage": 22613.444444,
    "dateExDate": "2021-12-29",
    "datePayDate": "2022-01-21",
    "dateRecordDate": "2021-12-30",
    "dividend": 0.355,
    "dividendType": "I",
    "frankingPercent": 0,
    "cashFlow": -38.87728,
    "earningsPerShare": 0.4117,
    "freeCashFlowYield": -0.0000100000010000001,
    "priceEarningsRatio": 3.31552,
    "priceToCash": -99999.99,
    "foreignExempt": false,
    "shareDescription": "Ordinary Units Fully Paid",
    "numOfShares": 52479086,
    "yieldAnnual": 9.629629629629628,
    "incomeStatement": [
      {
        "revenue": 26400110,
        "netIncome": 22652780,
        "period": "2022A",
        "fPeriodEndDate": 44651,
        "curCode": "AUD"
      },
      {
        "revenue": 3383350,
        "netIncome": -779100,
        "period": "2021A",
        "fPeriodEndDate": 44286,
        "curCode": "AUD"
      },
      {
        "revenue": 22876970,
        "netIncome": 21392060,
        "period": "2020A",
        "fPeriodEndDate": 43921,
        "curCode": "AUD"
      },
      {
        "revenue": 30944500,
        "netIncome": 24561520,
        "period": "2019A",
        "fPeriodEndDate": 43555,
        "curCode": "AUD"
      }
    ]
  },
  {
    "symbol": "CD3",
    "displayName": "CD PRIVATE EQUITY FUND III",
    "industry": "Not Applic",
    "dateListed": "2016-07-27",
    "marketCap": 108402772,
    "xid": "357446618",
    "priceChangeFiveDayPercent": 0.671140939597316,
    "isRecentListing": false,
    "priceAsk": 1.5,
    "priceBid": 1.46,
    "priceChange": -0.0050000000000001155,
    "priceChangePercent": -0.33222591362127013,
    "priceLast": 1.5,
    "securityType": 6,
    "volume": 27282,
    "statusCode": "",
    "isin": "AU000000CD37",
    "priceClose": 1.5050000000000001,
    "priceDayHigh": 1.57,
    "priceDayLow": 1.5,
    "priceFiftyTwoWeekHigh": 2.35,
    "priceFiftyTwoWeekLow": 1.39,
    "volumeAverage": 30686.44186,
    "dateExDate": "2022-06-29",
    "datePayDate": "2022-08-19",
    "dateRecordDate": "2022-06-30",
    "dividend": 0.241,
    "dividendType": "I",
    "frankingPercent": 0,
    "cashFlow": -48.12141,
    "earningsPerShare": 0.81491,
    "freeCashFlowYield": -0.0000100000010000001,
    "priceEarningsRatio": 1.84683,
    "priceToCash": -99999.99,
    "foreignExempt": false,
    "shareDescription": "Ordinary Units Fully Paid",
    "numOfShares": 72028420,
    "yieldAnnual": 0.8666666666666666,
    "incomeStatement": [
      {
        "revenue": 64114370,
        "netIncome": 58696010,
        "period": "2022A",
        "fPeriodEndDate": 44651,
        "curCode": "AUD"
      },
      {
        "revenue": 27576810,
        "netIncome": 22027170,
        "period": "2021A",
        "fPeriodEndDate": 44286,
        "curCode": "AUD"
      },
      {
        "revenue": 25978390,
        "netIncome": 24882270,
        "period": "2020A",
        "fPeriodEndDate": 43921,
        "curCode": "AUD"
      },
      {
        "revenue": 19908250,
        "netIncome": 18366590,
        "period": "2019A",
        "fPeriodEndDate": 43555,
        "curCode": "AUD"
      }
    ]
  },
  {
    "symbol": "CAM",
    "displayName": "CLIME CAPITAL LIMITED",
    "industry": "Not Applic",
    "dateListed": "2004-02-03",
    "marketCap": 116638792,
    "xid": "69753",
    "priceChangeFiveDayPercent": -0.5952380952380958,
    "isRecentListing": false,
    "priceAsk": 0.845,
    "priceBid": 0.8250000000000001,
    "priceChange": 0.004999999999999893,
    "priceChangePercent": 0.6024096385542039,
    "priceLast": 0.835,
    "securityType": 1,
    "volume": 10622,
    "statusCode": "CD",
    "isin": "AU000000CAM4",
    "priceClose": 0.8300000000000001,
    "priceDayHigh": 0.845,
    "priceDayLow": 0.835,
    "priceFiftyTwoWeekHigh": 0.96,
    "priceFiftyTwoWeekLow": 0.785,
    "volumeAverage": 75747,
    "dateExDate": "2022-10-05",
    "datePayDate": "2022-10-27",
    "dateRecordDate": "2022-10-06",
    "dividend": 0.0128,
    "dividendType": "I",
    "frankingPercent": 100,
    "cashFlow": -9.86845,
    "earningsPerShare": -0.08428,
    "freeCashFlowYield": -0.0000100000010000001,
    "priceEarningsRatio": -99999.99,
    "priceToCash": -99999.99,
    "foreignExempt": false,
    "shareDescription": "Ordinary Fully Paid",
    "numOfShares": 140528665,
    "yieldAnnual": 6.131736526946108,
    "incomeStatement": [
      {
        "revenue": 8513410,
        "netIncome": -11824830,
        "period": "2022A",
        "fPeriodEndDate": 44742,
        "curCode": "AUD"
      },
      {
        "revenue": 3792650,
        "netIncome": 22960880,
        "period": "2021A",
        "fPeriodEndDate": 44377,
        "curCode": "AUD"
      },
      {
        "revenue": 3440230,
        "netIncome": -6394090,
        "period": "2020A",
        "fPeriodEndDate": 44012,
        "curCode": "AUD"
      },
      {
        "revenue": 3956300,
        "netIncome": 6601180,
        "period": "2019A",
        "fPeriodEndDate": 43646,
        "curCode": "AUD"
      }
    ]
  },
  {
    "symbol": "DUI",
    "displayName": "DIVERSIFIED UNITED INVESTMENT LIMITED",
    "industry": "Not Applic",
    "dateListed": "1991-12-19",
    "marketCap": 1009021567,
    "xid": "93641",
    "priceChangeFiveDayPercent": -4.081632653061228,
    "isRecentListing": false,
    "priceAsk": 4.72,
    "priceBid": 4.7,
    "priceChange": -0.009999999999999787,
    "priceChangePercent": -0.21231422505307404,
    "priceLast": 4.7,
    "securityType": 1,
    "volume": 22230,
    "statusCode": "",
    "isin": "AU000000DUI8",
    "priceClose": 4.71,
    "priceDayHigh": 4.71,
    "priceDayLow": 4.68,
    "priceFiftyTwoWeekHigh": 5.39,
    "priceFiftyTwoWeekLow": 4.49,
    "volumeAverage": 56725.340426,
    "dateExDate": "2022-08-23",
    "datePayDate": "2022-09-09",
    "dateRecordDate": "2022-08-24",
    "dividend": 0.09,
    "dividendType": "F",
    "frankingPercent": 100,
    "cashFlow": 25.661,
    "earningsPerShare": 0.21482,
    "freeCashFlowYield": -0.0000100000010000001,
    "priceEarningsRatio": 21.92533,
    "priceToCash": -99999.99,
    "foreignExempt": false,
    "shareDescription": "Ordinary Fully Paid",
    "numOfShares": 214229632,
    "yieldAnnual": 3.404255319148936,
    "incomeStatement": [
      {
        "revenue": 57196000,
        "netIncome": 45839000,
        "period": "2022A",
        "fPeriodEndDate": 44742,
        "curCode": "AUD"
      },
      {
        "revenue": 37243000,
        "netIncome": 31010000,
        "period": "2021A",
        "fPeriodEndDate": 44377,
        "curCode": "AUD"
      },
      {
        "revenue": 36893000,
        "netIncome": 30070000,
        "period": "2020A",
        "fPeriodEndDate": 44012,
        "curCode": "AUD"
      },
      {
        "revenue": 45456000,
        "netIncome": 38018000,
        "period": "2019A",
        "fPeriodEndDate": 43646,
        "curCode": "AUD"
      }
    ]
  },
  {
    "symbol": "DJW",
    "displayName": "DJERRIWARRH INVESTMENTS LIMITED",
    "industry": "Not Applic",
    "dateListed": "1995-06-28",
    "marketCap": 745598368,
    "xid": "90322",
    "priceChangeFiveDayPercent": 0.3546099290780224,
    "isRecentListing": false,
    "priceAsk": 2.86,
    "priceBid": 2.83,
    "priceChange": -0.029999999999999805,
    "priceChangePercent": -1.048951048951042,
    "priceLast": 2.83,
    "securityType": 1,
    "volume": 111542,
    "statusCode": "",
    "isin": "AU000000DJW2",
    "priceClose": 2.86,
    "priceDayHigh": 2.88,
    "priceDayLow": 2.83,
    "priceFiftyTwoWeekHigh": 3.39,
    "priceFiftyTwoWeekLow": 2.77,
    "volumeAverage": 162699.329787,
    "dateExDate": "2022-08-08",
    "datePayDate": "2022-08-26",
    "dateRecordDate": "2022-08-09",
    "dividend": 0.07,
    "dividendType": "F",
    "frankingPercent": 100,
    "cashFlow": 4.219,
    "earningsPerShare": 0.18809,
    "freeCashFlowYield": -0.0000100000010000001,
    "priceEarningsRatio": 15.20549,
    "priceToCash": -99999.99,
    "foreignExempt": false,
    "shareDescription": "Ordinary Fully Paid",
    "numOfShares": 260698730,
    "yieldAnnual": 4.858657243816254,
    "incomeStatement": [
      {
        "revenue": 49706000,
        "netIncome": 44529000,
        "period": "2022A",
        "fPeriodEndDate": 44742,
        "curCode": "AUD"
      },
      {
        "revenue": 40209000,
        "netIncome": 30512000,
        "period": "2021A",
        "fPeriodEndDate": 44377,
        "curCode": "AUD"
      },
      {
        "revenue": 37151000,
        "netIncome": 32921000,
        "period": "2020A",
        "fPeriodEndDate": 44012,
        "curCode": "AUD"
      },
      {
        "revenue": 45832000,
        "netIncome": 34330000,
        "period": "2019A",
        "fPeriodEndDate": 43646,
        "curCode": "AUD"
      }
    ]
  },
  {
    "symbol": "ECP",
    "displayName": "ECP EMERGING GROWTH LIMITED",
    "industry": "Not Applic",
    "dateListed": "2014-08-14",
    "marketCap": 20539779,
    "xid": "77450429",
    "priceChangeFiveDayPercent": 0,
    "isRecentListing": false,
    "priceAsk": 1.1,
    "priceBid": 1,
    "priceChange": 0,
    "priceChangePercent": 0,
    "priceLast": 1.12,
    "securityType": 1,
    "volume": 0,
    "statusCode": "",
    "isin": "AU0000067514",
    "priceClose": 1.12,
    "priceFiftyTwoWeekHigh": 1.69,
    "priceFiftyTwoWeekLow": 0.96,
    "volumeAverage": 14254.977778,
    "dateExDate": "2022-08-30",
    "datePayDate": "2022-09-14",
    "dateRecordDate": "2022-08-31",
    "dividend": 0.0275,
    "dividendType": "F",
    "frankingPercent": 100,
    "cashFlow": -5.24717,
    "earningsPerShare": -0.55974,
    "freeCashFlowYield": -0.0000100000010000001,
    "priceEarningsRatio": -99999.99,
    "priceToCash": -99999.99,
    "foreignExempt": false,
    "shareDescription": "Ordinary Fully Paid",
    "numOfShares": 18339088,
    "yieldAnnual": 4.330357142857142,
    "incomeStatement": [
      {
        "revenue": 409700,
        "netIncome": -10260800,
        "period": "2022A",
        "fPeriodEndDate": 44742,
        "curCode": "AUD"
      },
      {
        "revenue": 344230,
        "netIncome": 7096720,
        "period": "2021A",
        "fPeriodEndDate": 44377,
        "curCode": "AUD"
      },
      {
        "revenue": 304190,
        "netIncome": 2490920,
        "period": "2020A",
        "fPeriodEndDate": 44012,
        "curCode": "AUD"
      },
      {
        "revenue": 461730,
        "netIncome": 1850520,
        "period": "2019A",
        "fPeriodEndDate": 43646,
        "curCode": "AUD"
      }
    ]
  },
  {
    "symbol": "EAI",
    "displayName": "ELLERSTON ASIAN INVESTMENTS LIMITED",
    "industry": "Not Applic",
    "dateListed": "2015-09-15",
    "marketCap": 90155519,
    "xid": "299404828",
    "priceChangeFiveDayPercent": 0,
    "isRecentListing": false,
    "priceAsk": 0.745,
    "priceBid": 0.725,
    "priceChange": 0.010000000000000009,
    "priceChangePercent": 1.3888888888888902,
    "priceLast": 0.73,
    "securityType": 1,
    "volume": 14041,
    "statusCode": "XD",
    "isin": "AU000000EAI8",
    "priceClose": 0.72,
    "priceDayHigh": 0.73,
    "priceDayLow": 0.73,
    "priceFiftyTwoWeekHigh": 1.12,
    "priceFiftyTwoWeekLow": 0.715,
    "volumeAverage": 114859.419355,
    "dateExDate": "2022-09-05",
    "datePayDate": "2022-09-23",
    "dateRecordDate": "2022-09-06",
    "dividend": 0.03,
    "dividendType": "F",
    "frankingPercent": 100,
    "cashFlow": -1.75086,
    "earningsPerShare": -0.22821,
    "freeCashFlowYield": -0.0000100000010000001,
    "priceEarningsRatio": -99999.99,
    "priceToCash": -99999.99,
    "foreignExempt": false,
    "shareDescription": "Ordinary Fully Paid",
    "numOfShares": 125215998,
    "yieldAnnual": 8.21917808219178,
    "incomeStatement": [
      {
        "revenue": -35793490,
        "netIncome": -29391890,
        "period": "2022A",
        "fPeriodEndDate": 44742,
        "curCode": "AUD"
      },
      {
        "revenue": 39780730,
        "netIncome": 24984000,
        "period": "2021A",
        "fPeriodEndDate": 44377,
        "curCode": "AUD"
      },
      {
        "revenue": 12559320,
        "netIncome": 6085590,
        "period": "2020A",
        "fPeriodEndDate": 44012,
        "curCode": "AUD"
      },
      {
        "revenue": 9179360,
        "netIncome": 4540350,
        "period": "2019A",
        "fPeriodEndDate": 43646,
        "curCode": "AUD"
      }
    ]
  },
  {
    "symbol": "EMT",
    "displayName": "EMETALS LIMITED",
    "industry": "Not Applic",
    "dateListed": "2010-10-26",
    "marketCap": 15300000,
    "xid": "25838020",
    "priceChangeFiveDayPercent": -5.555555555555542,
    "isRecentListing": false,
    "priceAsk": 0.019,
    "priceBid": 0.017,
    "priceChange": -0.0010000000000000009,
    "priceChangePercent": -5.55555555555556,
    "priceLast": 0.017,
    "sector": "Materials",
    "industryGroup": "Materials",
    "securityType": 1,
    "volume": 13469784,
    "statusCode": "",
    "isin": "AU0000076200",
    "priceClose": 0.018000000000000002,
    "priceDayHigh": 0.02,
    "priceDayLow": 0.017,
    "priceFiftyTwoWeekHigh": 0.025,
    "priceFiftyTwoWeekLow": 0.009,
    "volumeAverage": 4032773.146667,
    "cashFlow": -1.18683,
    "earningsPerShare": -0.00346,
    "freeCashFlowYield": -0.0000100000010000001,
    "priceEarningsRatio": -99999.99,
    "priceToCash": -99999.99,
    "foreignExempt": false,
    "shareDescription": "Ordinary Fully Paid",
    "numOfShares": 850000000,
    "yieldAnnual": 0,
    "incomeStatement": [
      {
        "revenue": 21340,
        "netIncome": -1925700,
        "period": "2022A",
        "fPeriodEndDate": 44742,
        "curCode": "AUD"
      },
      {
        "revenue": 16330,
        "netIncome": -909190,
        "period": "2021A",
        "fPeriodEndDate": 44377,
        "curCode": "AUD"
      },
      {
        "revenue": 6520,
        "netIncome": -1145160,
        "period": "2020A",
        "fPeriodEndDate": 44012,
        "curCode": "AUD"
      },
      {
        "revenue": 4200,
        "netIncome": -649700,
        "period": "2019A",
        "fPeriodEndDate": 43646,
        "curCode": "AUD"
      }
    ]
  },
  {
    "symbol": "FPC",
    "displayName": "FAT PROPHETS GLOBAL CONTRARIAN FUND LTD",
    "industry": "Not Applic",
    "dateListed": "2017-03-22",
    "marketCap": 28030402,
    "xid": "403332327",
    "priceChangeFiveDayPercent": -1.7241379310344842,
    "isRecentListing": false,
    "priceAsk": 0.9,
    "priceBid": 0.855,
    "priceChange": 0.0050000000000000044,
    "priceChangePercent": 0.5882352941176476,
    "priceLast": 0.855,
    "securityType": 1,
    "volume": 53100,
    "statusCode": "",
    "isin": "AU000000FPC6",
    "priceClose": 0.85,
    "priceDayHigh": 0.855,
    "priceDayLow": 0.85,
    "priceFiftyTwoWeekHigh": 1.245,
    "priceFiftyTwoWeekLow": 0.845,
    "volumeAverage": 42320.197183,
    "dateExDate": "2022-06-07",
    "datePayDate": "2022-06-21",
    "dateRecordDate": "2022-06-08",
    "dividend": 0.03,
    "dividendType": "I",
    "frankingPercent": 100,
    "cashFlow": 6.419,
    "earningsPerShare": -0.21925,
    "freeCashFlowYield": -0.0000100000010000001,
    "priceEarningsRatio": -99999.99,
    "priceToCash": -99999.99,
    "foreignExempt": false,
    "shareDescription": "Ordinary Fully Paid",
    "numOfShares": 32976944,
    "yieldAnnual": 0,
    "incomeStatement": [
      {
        "revenue": -11728000,
        "netIncome": -9189000,
        "period": "2022A",
        "fPeriodEndDate": 44742,
        "curCode": "AUD"
      },
      {
        "revenue": 18616000,
        "netIncome": 9977000,
        "period": "2021A",
        "fPeriodEndDate": 44377,
        "curCode": "AUD"
      },
      {
        "revenue": 5043000,
        "netIncome": 2551000,
        "period": "2020A",
        "fPeriodEndDate": 44012,
        "curCode": "AUD"
      },
      {
        "revenue": -1047000,
        "netIncome": -1779000,
        "period": "2019A",
        "fPeriodEndDate": 43646,
        "curCode": "AUD"
      }
    ]
  },
  {
    "symbol": "FPP",
    "displayName": "FAT PROPHETS GLOBAL PROPERTY FUND",
    "industry": "Not Applic",
    "dateListed": "2017-10-10",
    "marketCap": 18906017,
    "xid": "431390393",
    "priceChangeFiveDayPercent": -1.1904761904761783,
    "isRecentListing": false,
    "priceAsk": 0.8300000000000001,
    "priceBid": 0.75,
    "priceChange": 0,
    "priceChangePercent": 0,
    "priceLast": 0.8300000000000001,
    "securityType": 6,
    "volume": 7500,
    "statusCode": "",
    "isin": "AU000000FPP8",
    "priceClose": 0.8300000000000001,
    "priceDayHigh": 0.8300000000000001,
    "priceDayLow": 0.765,
    "priceFiftyTwoWeekHigh": 1,
    "priceFiftyTwoWeekLow": 0.765,
    "volumeAverage": 7438.790323,
    "dateExDate": "2022-06-27",
    "datePayDate": "2022-08-31",
    "dateRecordDate": "2022-06-28",
    "dividend": 0.03,
    "dividendType": "F",
    "frankingPercent": 0,
    "cashFlow": -1.04383,
    "earningsPerShare": 0,
    "freeCashFlowYield": -0.0000100000010000001,
    "priceEarningsRatio": -99999.99,
    "priceToCash": -99999.99,
    "foreignExempt": false,
    "shareDescription": "Ordinary Units Fully Paid",
    "numOfShares": 22778334,
    "yieldAnnual": 0,
    "incomeStatement": [
      {
        "revenue": -2504570,
        "netIncome": 0,
        "period": "2022A",
        "fPeriodEndDate": 44742,
        "curCode": "AUD"
      },
      {
        "revenue": 6482730,
        "netIncome": 0,
        "period": "2021A",
        "fPeriodEndDate": 44377,
        "curCode": "AUD"
      },
      {
        "revenue": -3703740,
        "netIncome": 0,
        "period": "2020A",
        "fPeriodEndDate": 44012,
        "curCode": "AUD"
      },
      {
        "revenue": 1766050,
        "netIncome": 0,
        "period": "2019A",
        "fPeriodEndDate": 43646,
        "curCode": "AUD"
      }
    ]
  },
  {
    "symbol": "FSI",
    "displayName": "FLAGSHIP INVESTMENTS LIMITED",
    "industry": "Not Applic",
    "dateListed": "2000-12-20",
    "marketCap": 46543073,
    "xid": "285627",
    "priceChangeFiveDayPercent": -5.555555555555561,
    "isRecentListing": false,
    "priceAsk": 1.8900000000000001,
    "priceBid": 1.6500000000000001,
    "priceChange": -0.10000000000000009,
    "priceChangePercent": -5.555555555555561,
    "priceLast": 1.7,
    "securityType": 1,
    "volume": 1000,
    "statusCode": "",
    "isin": "AU000000FSI7",
    "priceClose": 1.8,
    "priceDayHigh": 1.7,
    "priceDayLow": 1.7,
    "priceFiftyTwoWeekHigh": 2.81,
    "priceFiftyTwoWeekLow": 1.6,
    "volumeAverage": 14899.75,
    "dateExDate": "2022-08-11",
    "datePayDate": "2022-08-26",
    "dateRecordDate": "2022-08-12",
    "dividend": 0.0475,
    "dividendType": "F",
    "frankingPercent": 100,
    "cashFlow": -4.779,
    "earningsPerShare": 0.09969,
    "freeCashFlowYield": -0.0000100000010000001,
    "priceEarningsRatio": 18.05597,
    "priceToCash": -99999.99,
    "foreignExempt": false,
    "shareDescription": "Ordinary Fully Paid",
    "numOfShares": 25857263,
    "yieldAnnual": 5.4411764705882355,
    "incomeStatement": [
      {
        "revenue": 1847000,
        "netIncome": 2574000,
        "period": "2022A",
        "fPeriodEndDate": 44742,
        "curCode": "AUD"
      },
      {
        "revenue": 1173000,
        "netIncome": -1475000,
        "period": "2021A",
        "fPeriodEndDate": 44377,
        "curCode": "AUD"
      },
      {
        "revenue": 1171000,
        "netIncome": 487000,
        "period": "2020A",
        "fPeriodEndDate": 44012,
        "curCode": "AUD"
      },
      {
        "revenue": 2741000,
        "netIncome": 1676000,
        "period": "2019A",
        "fPeriodEndDate": 43646,
        "curCode": "AUD"
      }
    ]
  },
  {
    "symbol": "FOR",
    "displayName": "FORAGER AUSTRALIAN SHARES FUND",
    "industry": "Not Applic",
    "dateListed": "2016-12-16",
    "marketCap": 145682733,
    "xid": "374389949",
    "priceChangeFiveDayPercent": 0,
    "isRecentListing": false,
    "priceAsk": 1.29,
    "priceBid": 1.28,
    "priceChange": 0,
    "priceChangePercent": 0,
    "priceLast": 1.3,
    "securityType": 6,
    "volume": 10000,
    "statusCode": "",
    "isin": "AU000000FOR7",
    "priceClose": 1.3,
    "priceDayHigh": 1.31,
    "priceDayLow": 1.3,
    "priceFiftyTwoWeekHigh": 1.89,
    "priceFiftyTwoWeekLow": 1.18,
    "volumeAverage": 59646.391304,
    "dateExDate": "2022-06-29",
    "datePayDate": "2022-07-21",
    "dateRecordDate": "2022-06-30",
    "dividend": 0.075,
    "dividendType": "F",
    "frankingPercent": 0,
    "cashFlow": 2.047,
    "earningsPerShare": -0.52373,
    "freeCashFlowYield": -0.0000100000010000001,
    "priceEarningsRatio": -99999.99,
    "priceToCash": -99999.99,
    "foreignExempt": false,
    "shareDescription": "Ordinary Units Fully Paid",
    "numOfShares": 112063641,
    "yieldAnnual": 0,
    "incomeStatement": [
      {
        "revenue": -49599000,
        "netIncome": -54365000,
        "period": "2022A",
        "fPeriodEndDate": 44742,
        "curCode": "AUD"
      },
      {
        "revenue": 104695000,
        "netIncome": 99162000,
        "period": "2021A",
        "fPeriodEndDate": 44377,
        "curCode": "AUD"
      },
      {
        "revenue": -24656000,
        "netIncome": -26733000,
        "period": "2020A",
        "fPeriodEndDate": 44012,
        "curCode": "AUD"
      },
      {
        "revenue": -33356000,
        "netIncome": -35631000,
        "period": "2019A",
        "fPeriodEndDate": 43646,
        "curCode": "AUD"
      }
    ]
  },
  {
    "symbol": "FGG",
    "displayName": "FUTURE GENERATION GLOBAL INVESTMENT COMPANY LIMITED",
    "industry": "Not Applic",
    "dateListed": "2015-09-10",
    "marketCap": 453466223,
    "xid": "298928652",
    "priceChangeFiveDayPercent": 0.8771929824561607,
    "isRecentListing": false,
    "priceAsk": 1.155,
    "priceBid": 1.145,
    "priceChange": 0,
    "priceChangePercent": 0,
    "priceLast": 1.1500000000000001,
    "securityType": 1,
    "volume": 251635,
    "statusCode": "CD",
    "isin": "AU000000FGG6",
    "priceClose": 1.1500000000000001,
    "priceDayHigh": 1.1500000000000001,
    "priceDayLow": 1.1400000000000001,
    "priceFiftyTwoWeekHigh": 1.685,
    "priceFiftyTwoWeekLow": 1.065,
    "volumeAverage": 247246.755319,
    "dateExDate": "2022-10-12",
    "datePayDate": "2022-10-25",
    "dateRecordDate": "2022-10-13",
    "dividend": 0.035,
    "dividendType": "I",
    "frankingPercent": 100,
    "cashFlow": -4.665,
    "earningsPerShare": -0.24476,
    "freeCashFlowYield": -0.0000100000010000001,
    "priceEarningsRatio": -99999.99,
    "priceToCash": -99999.99,
    "foreignExempt": false,
    "shareDescription": "Ordinary Fully Paid",
    "numOfShares": 394318455,
    "yieldAnnual": 5.6521739130434785,
    "incomeStatement": [
      {
        "revenue": 75160000,
        "netIncome": 47657000,
        "period": "2021A",
        "fPeriodEndDate": 44561,
        "curCode": "AUD"
      },
      {
        "revenue": 82607000,
        "netIncome": 53829000,
        "period": "2020A",
        "fPeriodEndDate": 44196,
        "curCode": "AUD"
      },
      {
        "revenue": 19121000,
        "netIncome": 8562000,
        "period": "2019A",
        "fPeriodEndDate": 43830,
        "curCode": "AUD"
      },
      {
        "revenue": 21683000,
        "netIncome": 12761000,
        "period": "2018A",
        "fPeriodEndDate": 43465,
        "curCode": "AUD"
      }
    ]
  },
  {
    "symbol": "FGX",
    "displayName": "FUTURE GENERATION INVESTMENT COMPANY LIMITED",
    "industry": "Not Applic",
    "dateListed": "1997-03-06",
    "marketCap": 478583204,
    "xid": "41961",
    "priceChangeFiveDayPercent": 1.7241379310344844,
    "isRecentListing": false,
    "priceAsk": 1.18,
    "priceBid": 1.165,
    "priceChange": -0.0050000000000001155,
    "priceChangePercent": -0.4219409282700519,
    "priceLast": 1.18,
    "securityType": 1,
    "volume": 131337,
    "statusCode": "CD",
    "isin": "AU000000FGX1",
    "priceClose": 1.185,
    "priceDayHigh": 1.19,
    "priceDayLow": 1.17,
    "priceFiftyTwoWeekHigh": 1.47,
    "priceFiftyTwoWeekLow": 1.12,
    "volumeAverage": 217089.87234,
    "dateExDate": "2022-10-17",
    "datePayDate": "2022-10-28",
    "dateRecordDate": "2022-10-18",
    "dividend": 0.0325,
    "dividendType": "I",
    "frankingPercent": 100,
    "cashFlow": -38.923,
    "earningsPerShare": -0.08735,
    "freeCashFlowYield": -0.0000100000010000001,
    "priceEarningsRatio": -99999.99,
    "priceToCash": -99999.99,
    "foreignExempt": false,
    "shareDescription": "Ordinary Fully Paid",
    "numOfShares": 403867683,
    "yieldAnnual": 5.296610169491526,
    "incomeStatement": [
      {
        "revenue": 116166000,
        "netIncome": 79879000,
        "period": "2021A",
        "fPeriodEndDate": 44561,
        "curCode": "AUD"
      },
      {
        "revenue": 47892000,
        "netIncome": 33464000,
        "period": "2020A",
        "fPeriodEndDate": 44196,
        "curCode": "AUD"
      },
      {
        "revenue": 30966000,
        "netIncome": 22432000,
        "period": "2019A",
        "fPeriodEndDate": 43830,
        "curCode": "AUD"
      },
      {
        "revenue": 36410000,
        "netIncome": 23221000,
        "period": "2018A",
        "fPeriodEndDate": 43465,
        "curCode": "AUD"
      }
    ]
  },
  {
    "symbol": "GC1",
    "displayName": "GLENNON SMALL COMPANIES LIMITED",
    "industry": "Not Applic",
    "dateListed": "2015-08-21",
    "marketCap": 30527678,
    "xid": "295658650",
    "priceChangeFiveDayPercent": 9.17431192660549,
    "isRecentListing": false,
    "priceAsk": 0.595,
    "priceBid": 0.585,
    "priceChange": 0,
    "priceChangePercent": 0,
    "priceLast": 0.595,
    "securityType": 1,
    "volume": 4605,
    "statusCode": "XD",
    "isin": "AU000000GC18",
    "priceClose": 0.595,
    "priceDayHigh": 0.595,
    "priceDayLow": 0.595,
    "priceFiftyTwoWeekHigh": 0.9,
    "priceFiftyTwoWeekLow": 0.545,
    "volumeAverage": 45137.769231,
    "dateExDate": "2022-09-14",
    "datePayDate": "2022-09-30",
    "dateRecordDate": "2022-09-15",
    "dividend": 0.02,
    "dividendType": "F",
    "frankingPercent": 0,
    "cashFlow": -9.061,
    "earningsPerShare": -0.19344,
    "freeCashFlowYield": -0.0000100000010000001,
    "priceEarningsRatio": -99999.99,
    "priceToCash": -99999.99,
    "foreignExempt": false,
    "shareDescription": "Ordinary Fully Paid",
    "numOfShares": 51307022,
    "yieldAnnual": 5.042016806722689,
    "incomeStatement": [
      {
        "revenue": -11616000,
        "netIncome": -9313000,
        "period": "2022A",
        "fPeriodEndDate": 44742,
        "curCode": "AUD"
      },
      {
        "revenue": 13197000,
        "netIncome": 8791000,
        "period": "2021A",
        "fPeriodEndDate": 44377,
        "curCode": "AUD"
      },
      {
        "revenue": -7213000,
        "netIncome": -5638000,
        "period": "2020A",
        "fPeriodEndDate": 44012,
        "curCode": "AUD"
      },
      {
        "revenue": -7726000,
        "netIncome": -5982000,
        "period": "2019A",
        "fPeriodEndDate": 43646,
        "curCode": "AUD"
      }
    ]
  },
  {
    "symbol": "GDC",
    "displayName": "GLOBAL DATA CENTRE GROUP",
    "industry": "Not Applic",
    "dateListed": "2019-10-31",
    "marketCap": 106636464,
    "xid": "559171169",
    "priceChangeFiveDayPercent": -1.7921146953404954,
    "isRecentListing": false,
    "priceAsk": 1.3900000000000001,
    "priceBid": 1.335,
    "priceChange": -0.010000000000000009,
    "priceChangePercent": -0.7246376811594208,
    "priceLast": 1.37,
    "securityType": 6,
    "volume": 42144,
    "statusCode": "",
    "isin": "AU0000137879",
    "priceClose": 1.3800000000000001,
    "priceDayHigh": 1.37,
    "priceDayLow": 1.36,
    "priceFiftyTwoWeekHigh": 2.05,
    "priceFiftyTwoWeekLow": 1.17,
    "volumeAverage": 102485.322222,
    "dateExDate": "2021-06-29",
    "datePayDate": "2021-07-28",
    "dateRecordDate": "2021-06-30",
    "dividend": 0.012,
    "dividendType": "F",
    "frankingPercent": 0,
    "cashFlow": -11.806,
    "earningsPerShare": 0.00781,
    "freeCashFlowYield": 0.01946801317828748,
    "priceEarningsRatio": 176.6965,
    "priceToCash": 51.36631,
    "foreignExempt": false,
    "shareDescription": "Fully Paid Units Stapled Securities",
    "numOfShares": 77272800,
    "yieldAnnual": 0,
    "incomeStatement": [
      {
        "revenue": 12843000,
        "netIncome": 589000,
        "period": "2022A",
        "fPeriodEndDate": 44742,
        "curCode": "AUD"
      },
      {
        "revenue": 7901000,
        "netIncome": 8881000,
        "period": "2021A",
        "fPeriodEndDate": 44377,
        "curCode": "AUD"
      },
      {
        "revenue": 2254000,
        "netIncome": 4053000,
        "period": "2020A",
        "fPeriodEndDate": 44012,
        "curCode": "AUD"
      }
    ]
  },
  {
    "symbol": "GFL",
    "displayName": "GLOBAL MASTERS FUND LIMITED",
    "industry": "Not Applic",
    "dateListed": "2006-05-16",
    "marketCap": 24019876,
    "xid": "4765080",
    "priceChangeFiveDayPercent": -1.3215859030836918,
    "isRecentListing": false,
    "priceAsk": 2.18,
    "priceBid": 2.16,
    "priceChange": 0,
    "priceChangePercent": 0,
    "priceLast": 2.24,
    "securityType": 1,
    "volume": 0,
    "statusCode": "",
    "isin": "AU000000GFL6",
    "priceClose": 2.24,
    "priceFiftyTwoWeekHigh": 2.69,
    "priceFiftyTwoWeekLow": 2.08,
    "volumeAverage": 3282.789474,
    "cashFlow": -0.66382,
    "earningsPerShare": -0.11331,
    "freeCashFlowYield": -0.0000100000010000001,
    "priceEarningsRatio": -99999.99,
    "priceToCash": -99999.99,
    "foreignExempt": false,
    "shareDescription": "Ordinary Fully Paid",
    "numOfShares": 10723159,
    "yieldAnnual": 0,
    "incomeStatement": [
      {
        "revenue": 342840,
        "netIncome": -1214260,
        "period": "2022A",
        "fPeriodEndDate": 44742,
        "curCode": "AUD"
      },
      {
        "revenue": 253090,
        "netIncome": 934800,
        "period": "2021A",
        "fPeriodEndDate": 44377,
        "curCode": "AUD"
      },
      {
        "revenue": 250030,
        "netIncome": 68580,
        "period": "2020A",
        "fPeriodEndDate": 44012,
        "curCode": "AUD"
      },
      {
        "revenue": 325190,
        "netIncome": -350,
        "period": "2019A",
        "fPeriodEndDate": 43646,
        "curCode": "AUD"
      }
    ]
  },
  {
    "symbol": "GVF",
    "displayName": "GLOBAL VALUE FUND LIMITED",
    "industry": "Not Applic",
    "dateListed": "2014-07-21",
    "marketCap": 205599305,
    "xid": "76686708",
    "priceChangeFiveDayPercent": 3.448275862068969,
    "isRecentListing": false,
    "priceAsk": 1.2,
    "priceBid": 1.185,
    "priceChange": 0.020000000000000018,
    "priceChangePercent": 1.6949152542372898,
    "priceLast": 1.2,
    "securityType": 1,
    "volume": 164013,
    "statusCode": "CD",
    "isin": "AU000000GVF5",
    "priceClose": 1.18,
    "priceDayHigh": 1.2,
    "priceDayLow": 1.17,
    "priceFiftyTwoWeekHigh": 1.26,
    "priceFiftyTwoWeekLow": 1.04,
    "volumeAverage": 67868.329787,
    "dateExDate": "2022-09-30",
    "datePayDate": "2022-11-08",
    "dateRecordDate": "2022-10-03",
    "dividend": 0.033,
    "dividendType": "F",
    "frankingPercent": 100,
    "cashFlow": 20.59515,
    "earningsPerShare": 0.03195,
    "freeCashFlowYield": -0.0000100000010000001,
    "priceEarningsRatio": 36.93271,
    "priceToCash": -99999.99,
    "foreignExempt": false,
    "shareDescription": "Ordinary Fully Paid",
    "numOfShares": 174236699,
    "yieldAnnual": 5.5,
    "incomeStatement": [
      {
        "revenue": 12400980,
        "netIncome": 5500300,
        "period": "2022A",
        "fPeriodEndDate": 44742,
        "curCode": "AUD"
      },
      {
        "revenue": 56988480,
        "netIncome": 32478980,
        "period": "2021A",
        "fPeriodEndDate": 44377,
        "curCode": "AUD"
      },
      {
        "revenue": 4745470,
        "netIncome": 138820,
        "period": "2020A",
        "fPeriodEndDate": 44012,
        "curCode": "AUD"
      },
      {
        "revenue": 9906640,
        "netIncome": 3836690,
        "period": "2019A",
        "fPeriodEndDate": 43646,
        "curCode": "AUD"
      }
    ]
  },
  {
    "symbol": "GCI",
    "displayName": "GRYPHON CAPITAL INCOME TRUST",
    "industry": "Not Applic",
    "dateListed": "2018-05-25",
    "marketCap": 481460608,
    "xid": "463628626",
    "priceChangeFiveDayPercent": -1.0075566750629732,
    "isRecentListing": false,
    "priceAsk": 1.975,
    "priceBid": 1.965,
    "priceChange": -0.014999999999999902,
    "priceChangePercent": -0.7575757575757527,
    "priceLast": 1.965,
    "securityType": 6,
    "volume": 99727,
    "statusCode": "",
    "isin": "AU0000005209",
    "priceClose": 1.98,
    "priceDayHigh": 1.98,
    "priceDayLow": 1.965,
    "priceFiftyTwoWeekHigh": 2.1,
    "priceFiftyTwoWeekLow": 1.805,
    "volumeAverage": 186502.255319,
    "dateExDate": "2022-08-30",
    "datePayDate": "2022-09-08",
    "dateRecordDate": "2022-08-31",
    "dividend": 0.0106,
    "dividendType": "I",
    "frankingPercent": 0,
    "cashFlow": -72.688,
    "earningsPerShare": 0.07575,
    "freeCashFlowYield": -0.0000100000010000001,
    "priceEarningsRatio": 26.13861,
    "priceToCash": -99999.99,
    "foreignExempt": false,
    "shareDescription": "Ordinary Units Fully Paid",
    "numOfShares": 243161923,
    "yieldAnnual": 4.676844783715013,
    "incomeStatement": [
      {
        "revenue": 22100000,
        "netIncome": 17848000,
        "period": "2022A",
        "fPeriodEndDate": 44742,
        "curCode": "AUD"
      },
      {
        "revenue": 29091000,
        "netIncome": 25331000,
        "period": "2021A",
        "fPeriodEndDate": 44377,
        "curCode": "AUD"
      },
      {
        "revenue": 16502000,
        "netIncome": 13240000,
        "period": "2020A",
        "fPeriodEndDate": 44012,
        "curCode": "AUD"
      },
      {
        "revenue": 10629000,
        "netIncome": 8868000,
        "period": "2019A",
        "fPeriodEndDate": 43646,
        "curCode": "AUD"
      }
    ]
  },
  {
    "symbol": "HCF",
    "displayName": "H&G HIGH CONVICTION LIMITED",
    "industry": "Not Applic",
    "marketCap": 0,
    "xid": "750437761",
    "isRecentListing": false,
    "dateListed": -32768,
    "priceChangePercent": 0,
    "securityType": 1,
    "statusCode": "",
    "isin": "AU0000236218",
    "foreignExempt": false,
    "shareDescription": "Ordinary Fully Paid",
    "numOfShares": 0,
    "incomeStatement": []
  },
  {
    "symbol": "HM1",
    "displayName": "HEARTS AND MINDS INVESTMENTS LIMITED",
    "industry": "Not Applic",
    "dateListed": "2018-11-14",
    "marketCap": 524056953,
    "xid": "498396779",
    "priceChangeFiveDayPercent": -1.304347826086948,
    "isRecentListing": false,
    "priceAsk": 2.29,
    "priceBid": 2.27,
    "priceChange": -0.03000000000000025,
    "priceChangePercent": -1.3043478260869672,
    "priceLast": 2.27,
    "securityType": 1,
    "volume": 21591,
    "statusCode": "",
    "isin": "AU0000026569",
    "priceClose": 2.3000000000000003,
    "priceDayHigh": 2.2800000000000002,
    "priceDayLow": 2.2600000000000002,
    "priceFiftyTwoWeekHigh": 4.44,
    "priceFiftyTwoWeekLow": 1.99,
    "volumeAverage": 241238.351064,
    "dateExDate": "2022-03-30",
    "datePayDate": "2022-04-12",
    "dateRecordDate": "2022-03-31",
    "dividend": 0.135,
    "dividendType": "I",
    "frankingPercent": 100,
    "cashFlow": -60.88691,
    "earningsPerShare": -0.41767,
    "freeCashFlowYield": -0.0000100000010000001,
    "priceEarningsRatio": -99999.99,
    "priceToCash": -99999.99,
    "foreignExempt": false,
    "shareDescription": "Ordinary Fully Paid",
    "numOfShares": 227850849,
    "yieldAnnual": 0,
    "incomeStatement": [
      {
        "revenue": -122588260,
        "netIncome": -94837240,
        "period": "2022A",
        "fPeriodEndDate": 44742,
        "curCode": "AUD"
      },
      {
        "revenue": -5343230,
        "netIncome": -12464140,
        "period": "2021A",
        "fPeriodEndDate": 44377,
        "curCode": "AUD"
      },
      {
        "revenue": 4775560,
        "netIncome": -2684950,
        "period": "2020A",
        "fPeriodEndDate": 44012,
        "curCode": "AUD"
      },
      {
        "revenue": 4121060,
        "netIncome": -746300,
        "period": "2019A",
        "fPeriodEndDate": 43646,
        "curCode": "AUD"
      }
    ]
  },
  {
    "symbol": "HGV",
    "displayName": "HYGROVEST LIMITED",
    "industry": "Not Applic",
    "dateListed": "2015-01-22",
    "marketCap": 15406917,
    "xid": "82356071",
    "priceChangeFiveDayPercent": 0,
    "isRecentListing": false,
    "priceAsk": 0.07,
    "priceBid": 0.067,
    "priceChange": 0,
    "priceChangePercent": 0,
    "priceLast": 0.067,
    "securityType": 1,
    "volume": 32959,
    "statusCode": "",
    "isin": "AU0000201006",
    "priceClose": 0.067,
    "priceDayHigh": 0.069,
    "priceDayLow": 0.067,
    "priceFiftyTwoWeekHigh": 0.083,
    "priceFiftyTwoWeekLow": 0.045,
    "volumeAverage": 324235.130435,
    "cashFlow": 2.844,
    "earningsPerShare": -0.06929,
    "freeCashFlowYield": -0.0000100000010000001,
    "priceEarningsRatio": -99999.99,
    "priceToCash": -99999.99,
    "foreignExempt": false,
    "shareDescription": "Ordinary Fully Paid",
    "numOfShares": 229953985,
    "yieldAnnual": 0,
    "incomeStatement": [
      {
        "revenue": 657000,
        "netIncome": -15932000,
        "period": "2022A",
        "fPeriodEndDate": 44742,
        "curCode": "AUD"
      },
      {
        "revenue": 789000,
        "netIncome": -4025000,
        "period": "2021A",
        "fPeriodEndDate": 44377,
        "curCode": "AUD"
      },
      {
        "revenue": 843000,
        "netIncome": -40081000,
        "period": "2020A",
        "fPeriodEndDate": 44012,
        "curCode": "AUD"
      },
      {
        "revenue": 129000,
        "netIncome": 21620000,
        "period": "2019A",
        "fPeriodEndDate": 43646,
        "curCode": "AUD"
      }
    ]
  },
  {
    "symbol": "IBC",
    "displayName": "IRONBARK CAPITAL LIMITED",
    "industry": "Not Applic",
    "dateListed": "1987-04-02",
    "marketCap": 50120249,
    "xid": "151710",
    "priceChangeFiveDayPercent": 1.111111111111112,
    "isRecentListing": false,
    "priceAsk": 0.485,
    "priceBid": 0.455,
    "priceChange": 0,
    "priceChangePercent": 0,
    "priceLast": 0.455,
    "securityType": 1,
    "volume": 0,
    "statusCode": "XD",
    "isin": "AU000000IBC0",
    "priceClose": 0.455,
    "priceFiftyTwoWeekHigh": 0.55,
    "priceFiftyTwoWeekLow": 0.44,
    "volumeAverage": 23738.382353,
    "dateExDate": "2022-09-01",
    "datePayDate": "2022-09-28",
    "dateRecordDate": "2022-09-02",
    "dividend": 0.0125,
    "dividendType": "F",
    "frankingPercent": 100,
    "cashFlow": 6.955,
    "earningsPerShare": 0.01081,
    "freeCashFlowYield": -0.0000100000010000001,
    "priceEarningsRatio": 42.09066,
    "priceToCash": -99999.99,
    "foreignExempt": false,
    "shareDescription": "Ordinary Fully Paid",
    "numOfShares": 110154394,
    "yieldAnnual": 4.945054945054944,
    "incomeStatement": [
      {
        "revenue": 1375000,
        "netIncome": 1353000,
        "period": "2022A",
        "fPeriodEndDate": 44742,
        "curCode": "AUD"
      },
      {
        "revenue": 9084000,
        "netIncome": 6660000,
        "period": "2021A",
        "fPeriodEndDate": 44377,
        "curCode": "AUD"
      },
      {
        "revenue": -3685000,
        "netIncome": -2614000,
        "period": "2020A",
        "fPeriodEndDate": 44012,
        "curCode": "AUD"
      },
      {
        "revenue": 7969000,
        "netIncome": 5604000,
        "period": "2019A",
        "fPeriodEndDate": 43646,
        "curCode": "AUD"
      }
    ]
  },
  {
    "symbol": "KAT",
    "displayName": "KATANA CAPITAL LIMITED",
    "industry": "Not Applic",
    "dateListed": "2005-12-23",
    "marketCap": 35572983,
    "xid": "3835502",
    "priceChangeFiveDayPercent": -0.47393364928908943,
    "isRecentListing": false,
    "priceAsk": 1.08,
    "priceBid": 1.06,
    "priceChange": 0,
    "priceChangePercent": 0,
    "priceLast": 1.05,
    "securityType": 1,
    "volume": 0,
    "statusCode": "",
    "isin": "AU000000KAT2",
    "priceClose": 1.05,
    "priceFiftyTwoWeekHigh": 1.175,
    "priceFiftyTwoWeekLow": 1.005,
    "volumeAverage": 15365.193548,
    "dateExDate": "2022-07-20",
    "datePayDate": "2022-08-12",
    "dateRecordDate": "2022-07-21",
    "dividend": 0.005,
    "dividendType": "F",
    "frankingPercent": 100,
    "cashFlow": 3.19,
    "earningsPerShare": -0.00966,
    "freeCashFlowYield": -0.0000100000010000001,
    "priceEarningsRatio": -99999.99,
    "priceToCash": -99999.99,
    "foreignExempt": false,
    "shareDescription": "Ordinary Fully Paid",
    "numOfShares": 33879031,
    "yieldAnnual": 1.9047619047619049,
    "incomeStatement": [
      {
        "revenue": 685000,
        "netIncome": -282000,
        "period": "2022A",
        "fPeriodEndDate": 44742,
        "curCode": "AUD"
      },
      {
        "revenue": 12231000,
        "netIncome": 7619000,
        "period": "2021A",
        "fPeriodEndDate": 44377,
        "curCode": "AUD"
      },
      {
        "revenue": 3787000,
        "netIncome": 1571000,
        "period": "2020A",
        "fPeriodEndDate": 44012,
        "curCode": "AUD"
      },
      {
        "revenue": 83000,
        "netIncome": -628000,
        "period": "2019A",
        "fPeriodEndDate": 43646,
        "curCode": "AUD"
      }
    ]
  },
  {
    "symbol": "KKC",
    "displayName": "KKR CREDIT INCOME FUND",
    "industry": "Not Applic",
    "dateListed": "2019-11-21",
    "marketCap": 728900000,
    "xid": "563128495",
    "priceChangeFiveDayPercent": 1.0309278350515474,
    "isRecentListing": false,
    "priceAsk": 1.97,
    "priceBid": 1.96,
    "priceChange": -0.010000000000000009,
    "priceChangePercent": -0.50761421319797,
    "priceLast": 1.96,
    "securityType": 6,
    "volume": 256733,
    "statusCode": "",
    "isin": "AU0000060014",
    "priceClose": 1.97,
    "priceDayHigh": 1.985,
    "priceDayLow": 1.96,
    "priceFiftyTwoWeekHigh": 2.3,
    "priceFiftyTwoWeekLow": 1.8,
    "volumeAverage": 351401.425532,
    "dateExDate": "2022-08-30",
    "datePayDate": "2022-09-14",
    "dateRecordDate": "2022-08-31",
    "dividend": 0.0109,
    "dividendType": "I",
    "frankingPercent": 0,
    "cashFlow": 73.768,
    "earningsPerShare": -0.19341,
    "freeCashFlowYield": -0.0000100000010000001,
    "priceEarningsRatio": -99999.99,
    "priceToCash": -99999.99,
    "foreignExempt": false,
    "shareDescription": "Ordinary Units Fully Paid",
    "numOfShares": 370000000,
    "yieldAnnual": 0,
    "incomeStatement": [
      {
        "revenue": -55208000,
        "netIncome": -65538000,
        "period": "2022A",
        "fPeriodEndDate": 44742,
        "curCode": "AUD"
      },
      {
        "revenue": 155779000,
        "netIncome": 136999000,
        "period": "2021A",
        "fPeriodEndDate": 44377,
        "curCode": "AUD"
      },
      {
        "revenue": -78743000,
        "netIncome": -87641000,
        "period": "2020A",
        "fPeriodEndDate": 44012,
        "curCode": "AUD"
      }
    ]
  },
  {
    "symbol": "LSF",
    "displayName": "L1 LONG SHORT FUND LIMITED",
    "industry": "Not Applic",
    "dateListed": "2018-04-24",
    "marketCap": 1527906093,
    "xid": "463381578",
    "priceChangeFiveDayPercent": 0,
    "isRecentListing": false,
    "priceAsk": 2.49,
    "priceBid": 2.46,
    "priceChange": -0.009999999999999787,
    "priceChangePercent": -0.3999999999999915,
    "priceLast": 2.49,
    "securityType": 1,
    "volume": 346255,
    "upcomingEventName": "2022 Annual General Meeting",
    "statusCode": "XD",
    "isin": "AU0000002339",
    "priceClose": 2.5,
    "priceDayHigh": 2.49,
    "priceDayLow": 2.45,
    "priceFiftyTwoWeekHigh": 3.04,
    "priceFiftyTwoWeekLow": 2.36,
    "volumeAverage": 502310.074468,
    "dateExDate": "2022-09-12",
    "datePayDate": "2022-09-30",
    "dateRecordDate": "2022-09-13",
    "dividend": 0.045,
    "dividendType": "F",
    "frankingPercent": 100,
    "cashFlow": 350.464,
    "earningsPerShare": 0.23192,
    "freeCashFlowYield": -0.0000100000010000001,
    "priceEarningsRatio": 10.77958,
    "priceToCash": -99999.99,
    "foreignExempt": false,
    "shareDescription": "Ordinary Fully Paid",
    "numOfShares": 611162437,
    "yieldAnnual": 0,
    "incomeStatement": [
      {
        "revenue": 360992000,
        "netIncome": 141073000,
        "period": "2022A",
        "fPeriodEndDate": 44742,
        "curCode": "AUD"
      },
      {
        "revenue": 888787000,
        "netIncome": 514192000,
        "period": "2021A",
        "fPeriodEndDate": 44377,
        "curCode": "AUD"
      },
      {
        "revenue": 74342000,
        "netIncome": -21650000,
        "period": "2020A",
        "fPeriodEndDate": 44012,
        "curCode": "AUD"
      },
      {
        "revenue": 13468000,
        "netIncome": -49402000,
        "period": "2019A",
        "fPeriodEndDate": 43646,
        "curCode": "AUD"
      }
    ]
  },
  {
    "symbol": "LAN",
    "displayName": "LANYON INVESTMENT COMPANY LIMITED",
    "industry": "Not Applic",
    "dateListed": "2015-12-01",
    "marketCap": -1,
    "xid": "318451922",
    "priceChangeFiveDayPercent": 0,
    "isRecentListing": false,
    "priceChange": 0,
    "priceChangePercent": 0,
    "priceLast": 0.033,
    "securityType": 1,
    "volume": 0,
    "statusCode": "RE",
    "isin": "AU0000180416",
    "priceClose": 0.033,
    "priceFiftyTwoWeekHigh": 0.035,
    "priceFiftyTwoWeekLow": 0.024,
    "dateExDate": "2019-02-26",
    "datePayDate": "2019-03-15",
    "dateRecordDate": "2019-02-27",
    "dividend": 0.015,
    "dividendType": "I",
    "frankingPercent": 0,
    "cashFlow": -0.10108,
    "earningsPerShare": -5.67868,
    "freeCashFlowYield": -0.0000100000010000001,
    "priceEarningsRatio": -99999.99,
    "priceToCash": -99999.99,
    "foreignExempt": false,
    "shareDescription": "Ordinary Fully Paid",
    "numOfShares": 161173,
    "yieldAnnual": 0,
    "incomeStatement": [
      {
        "revenue": -342340,
        "netIncome": -915250,
        "period": "2022A",
        "fPeriodEndDate": 44742,
        "curCode": "AUD"
      },
      {
        "revenue": -115810,
        "netIncome": -604070,
        "period": "2021A",
        "fPeriodEndDate": 44377,
        "curCode": "AUD"
      },
      {
        "revenue": 246720,
        "netIncome": -620670,
        "period": "2020A",
        "fPeriodEndDate": 44012,
        "curCode": "AUD"
      },
      {
        "revenue": -5434080,
        "netIncome": -5672100,
        "period": "2019A",
        "fPeriodEndDate": 43646,
        "curCode": "AUD"
      }
    ]
  },
  {
    "symbol": "LSX",
    "displayName": "LION SELECTION GROUP LIMITED.",
    "industry": "Not Applic",
    "dateListed": "2013-03-13",
    "marketCap": 67401206,
    "xid": "55144397",
    "priceChangeFiveDayPercent": -4.255319148936162,
    "isRecentListing": false,
    "priceAsk": 0.45,
    "priceBid": 0.445,
    "priceChange": 0,
    "priceChangePercent": 0,
    "priceLast": 0.45,
    "securityType": 1,
    "volume": 78102,
    "statusCode": "CD",
    "isin": "AU000000LSX4",
    "priceClose": 0.45,
    "priceDayHigh": 0.45,
    "priceDayLow": 0.45,
    "priceFiftyTwoWeekHigh": 0.56,
    "priceFiftyTwoWeekLow": 0.41,
    "volumeAverage": 69373.633333,
    "dateExDate": "2022-11-14",
    "datePayDate": "2022-11-30",
    "dateRecordDate": "2022-11-15",
    "dividend": 0.015,
    "dividendType": "F",
    "frankingPercent": 0,
    "cashFlow": -2.027,
    "earningsPerShare": 0.05987,
    "freeCashFlowYield": -0.0000100000010000001,
    "priceEarningsRatio": 7.51629,
    "priceToCash": -99999.99,
    "foreignExempt": false,
    "shareDescription": "Ordinary Fully Paid",
    "numOfShares": 149780458,
    "yieldAnnual": 3.333333333333333,
    "incomeStatement": [
      {
        "revenue": 175000,
        "netIncome": 9031000,
        "period": "2022A",
        "fPeriodEndDate": 44773,
        "curCode": "AUD"
      },
      {
        "revenue": 31000,
        "netIncome": -5865000,
        "period": "2021A",
        "fPeriodEndDate": 44408,
        "curCode": "AUD"
      },
      {
        "revenue": 27000,
        "netIncome": 29864000,
        "period": "2020A",
        "fPeriodEndDate": 44043,
        "curCode": "AUD"
      },
      {
        "revenue": 17000,
        "netIncome": 23651000,
        "period": "2019A",
        "fPeriodEndDate": 43677,
        "curCode": "AUD"
      }
    ]
  },
  {
    "symbol": "LRT",
    "displayName": "LOWELL RESOURCES FUND",
    "industry": "Not Applic",
    "dateListed": "2018-03-22",
    "marketCap": 38347656,
    "xid": "454282815",
    "priceChangeFiveDayPercent": -0.6134969325153243,
    "isRecentListing": false,
    "priceAsk": 1.21,
    "priceBid": 1.18,
    "priceChange": -0.004999999999999893,
    "priceChangePercent": -0.4098360655737618,
    "priceLast": 1.215,
    "securityType": 6,
    "volume": 200,
    "statusCode": "",
    "isin": "AU000000LRT4",
    "priceClose": 1.22,
    "priceDayHigh": 1.215,
    "priceDayLow": 1.215,
    "priceFiftyTwoWeekHigh": 1.97,
    "priceFiftyTwoWeekLow": 1.2,
    "volumeAverage": 16196.590909,
    "dateExDate": "2022-06-30",
    "datePayDate": "2022-08-31",
    "dateRecordDate": "2022-07-01",
    "dividend": 0.1157,
    "dividendType": "F",
    "frankingPercent": 0,
    "cashFlow": -2.86204,
    "earningsPerShare": 0.02483,
    "freeCashFlowYield": -0.0000100000010000001,
    "priceEarningsRatio": 49.13411,
    "priceToCash": -99999.99,
    "foreignExempt": false,
    "shareDescription": "Ordinary Units Fully Paid",
    "numOfShares": 31432505,
    "yieldAnnual": 0,
    "incomeStatement": [
      {
        "revenue": 4185210,
        "netIncome": 558420,
        "period": "2022A",
        "fPeriodEndDate": 44742,
        "curCode": "AUD"
      },
      {
        "revenue": 19486240,
        "netIncome": 15484160,
        "period": "2021A",
        "fPeriodEndDate": 44377,
        "curCode": "AUD"
      },
      {
        "revenue": 18730950,
        "netIncome": 17288700,
        "period": "2020A",
        "fPeriodEndDate": 44012,
        "curCode": "AUD"
      },
      {
        "revenue": -5244090,
        "netIncome": -5996550,
        "period": "2019A",
        "fPeriodEndDate": 43646,
        "curCode": "AUD"
      }
    ]
  },
  {
    "symbol": "MGF",
    "displayName": "MAGELLAN GLOBAL FUND.",
    "industry": "Not Applic",
    "dateListed": "2020-11-30",
    "marketCap": 1989206598,
    "xid": "626321798",
    "priceChangeFiveDayPercent": -1.4814814814814827,
    "isRecentListing": false,
    "priceAsk": 1.33,
    "priceBid": 1.32,
    "priceChange": 0,
    "priceChangePercent": 0,
    "priceLast": 1.33,
    "securityType": 6,
    "volume": 1018853,
    "statusCode": "",
    "isin": "AU0000113557",
    "priceClose": 1.33,
    "priceDayHigh": 1.33,
    "priceDayLow": 1.3175000000000001,
    "priceFiftyTwoWeekHigh": 1.805,
    "priceFiftyTwoWeekLow": 1.255,
    "volumeAverage": 1866793.531915,
    "dateExDate": "2022-07-01",
    "datePayDate": "2022-07-21",
    "dateRecordDate": "2022-07-04",
    "dividend": 0.0366,
    "dividendType": "F",
    "frankingPercent": 0,
    "cashFlow": -637.499,
    "earningsPerShare": 0,
    "freeCashFlowYield": -0.0000100000010000001,
    "priceEarningsRatio": -99999.99,
    "priceToCash": -99999.99,
    "foreignExempt": false,
    "shareDescription": "Ordinary Units Fully Paid Closed Class",
    "numOfShares": 1495644059,
    "yieldAnnual": 0,
    "incomeStatement": [
      {
        "revenue": -1443486000,
        "netIncome": 0,
        "period": "2022A",
        "fPeriodEndDate": 44742,
        "curCode": "AUD"
      },
      {
        "revenue": 1846633000,
        "netIncome": 335562000,
        "period": "2021A",
        "fPeriodEndDate": 44377,
        "curCode": "AUD"
      },
      {
        "revenue": 1152606000,
        "netIncome": 966422000,
        "period": "2020A",
        "fPeriodEndDate": 44012,
        "curCode": "AUD"
      },
      {
        "revenue": 2052520000,
        "netIncome": 1880299000,
        "period": "2019A",
        "fPeriodEndDate": 43646,
        "curCode": "AUD"
      }
    ]
  },
  {
    "symbol": "MOT",
    "displayName": "METRICS INCOME OPPORTUNITIES TRUST",
    "industry": "Not Applic",
    "dateListed": "2019-04-29",
    "marketCap": 546317801,
    "xid": "521741858",
    "priceChangeFiveDayPercent": 0.4878048780487918,
    "isRecentListing": false,
    "priceAsk": 2.07,
    "priceBid": 2.06,
    "priceChange": 0,
    "priceChangePercent": 0,
    "priceLast": 2.06,
    "securityType": 6,
    "volume": 83962,
    "statusCode": "",
    "isin": "AU0000040776",
    "priceClose": 2.06,
    "priceDayHigh": 2.08,
    "priceDayLow": 2.06,
    "priceFiftyTwoWeekHigh": 2.2742,
    "priceFiftyTwoWeekLow": 1.78,
    "volumeAverage": 422287.744681,
    "dateExDate": "2022-08-31",
    "datePayDate": "2022-09-08",
    "dateRecordDate": "2022-09-01",
    "dividend": 0.0128,
    "dividendType": "I",
    "frankingPercent": 0,
    "cashFlow": 2.272,
    "earningsPerShare": 0.22411,
    "freeCashFlowYield": -0.0000100000010000001,
    "priceEarningsRatio": 9.19191,
    "priceToCash": -99999.99,
    "foreignExempt": false,
    "shareDescription": "Ordinary Units Fully Paid",
    "numOfShares": 265202816,
    "yieldAnnual": 6.980582524271845,
    "incomeStatement": [
      {
        "revenue": 56387000,
        "netIncome": 47487000,
        "period": "2022A",
        "fPeriodEndDate": 44742,
        "curCode": "AUD"
      },
      {
        "revenue": 30697000,
        "netIncome": 25741000,
        "period": "2021A",
        "fPeriodEndDate": 44377,
        "curCode": "AUD"
      },
      {
        "revenue": 29470000,
        "netIncome": 24678000,
        "period": "2020A",
        "fPeriodEndDate": 44012,
        "curCode": "AUD"
      },
      {
        "revenue": 4074000,
        "netIncome": 3286000,
        "period": "2019A",
        "fPeriodEndDate": 43646,
        "curCode": "AUD"
      }
    ]
  },
  {
    "symbol": "MXT",
    "displayName": "METRICS MASTER INCOME TRUST",
    "industry": "Not Applic",
    "dateListed": "2017-10-09",
    "marketCap": 1738529454,
    "xid": "427805954",
    "priceChangeFiveDayPercent": 0.5089058524173032,
    "isRecentListing": false,
    "priceAsk": 1.975,
    "priceBid": 1.96,
    "priceChange": 0,
    "priceChangePercent": 0,
    "priceLast": 1.975,
    "securityType": 6,
    "volume": 671379,
    "statusCode": "",
    "isin": "AU000000MXT0",
    "priceClose": 1.975,
    "priceDayHigh": 1.98,
    "priceDayLow": 1.955,
    "priceFiftyTwoWeekHigh": 2.09,
    "priceFiftyTwoWeekLow": 1.7075,
    "volumeAverage": 1116906.586957,
    "dateExDate": "2022-08-31",
    "datePayDate": "2022-09-08",
    "dateRecordDate": "2022-09-01",
    "dividend": 0.0111,
    "dividendType": "I",
    "frankingPercent": 0,
    "cashFlow": 6.201,
    "earningsPerShare": 0.08886,
    "freeCashFlowYield": -0.0000100000010000001,
    "priceEarningsRatio": 22.22597,
    "priceToCash": -99999.99,
    "foreignExempt": false,
    "shareDescription": "Ordinary Units Fully Paid",
    "numOfShares": 880268078,
    "yieldAnnual": 4.794936708860759,
    "incomeStatement": [
      {
        "revenue": 72808000,
        "netIncome": 67316000,
        "period": "2022A",
        "fPeriodEndDate": 44742,
        "curCode": "AUD"
      },
      {
        "revenue": 64928000,
        "netIncome": 60031000,
        "period": "2021A",
        "fPeriodEndDate": 44377,
        "curCode": "AUD"
      },
      {
        "revenue": 69212000,
        "netIncome": 64450000,
        "period": "2020A",
        "fPeriodEndDate": 44012,
        "curCode": "AUD"
      },
      {
        "revenue": 48589000,
        "netIncome": 45077000,
        "period": "2019A",
        "fPeriodEndDate": 43646,
        "curCode": "AUD"
      }
    ]
  },
  {
    "symbol": "MFF",
    "displayName": "MFF CAPITAL INVESTMENTS LIMITED",
    "industry": "Not Applic",
    "dateListed": "2006-12-19",
    "marketCap": 1420161313,
    "xid": "6133404",
    "priceChangeFiveDayPercent": -3.1746031746031775,
    "isRecentListing": false,
    "priceAsk": 2.44,
    "priceBid": 2.43,
    "priceChange": 0.009999999999999787,
    "priceChangePercent": 0.41152263374484715,
    "priceLast": 2.44,
    "securityType": 1,
    "volume": 234174,
    "statusCode": "CD",
    "isin": "AU000000MFF6",
    "priceClose": 2.43,
    "priceDayHigh": 2.44,
    "priceDayLow": 2.42,
    "priceFiftyTwoWeekHigh": 2.99,
    "priceFiftyTwoWeekLow": 2.1,
    "volumeAverage": 323298.489362,
    "dateExDate": "2022-10-07",
    "datePayDate": "2022-11-04",
    "dateRecordDate": "2022-10-10",
    "dividend": 0.04,
    "dividendType": "F",
    "frankingPercent": 100,
    "cashFlow": -251.96,
    "earningsPerShare": -0.29405,
    "freeCashFlowYield": -0.0000100000010000001,
    "priceEarningsRatio": -99999.99,
    "priceToCash": -99999.99,
    "foreignExempt": false,
    "shareDescription": "Ordinary Fully Paid",
    "numOfShares": 584428524,
    "yieldAnnual": 3.073770491803278,
    "incomeStatement": [
      {
        "revenue": -235689000,
        "netIncome": -170779000,
        "period": "2022A",
        "fPeriodEndDate": 44742,
        "curCode": "AUD"
      },
      {
        "revenue": 317892000,
        "netIncome": 217525000,
        "period": "2021A",
        "fPeriodEndDate": 44377,
        "curCode": "AUD"
      },
      {
        "revenue": 45088000,
        "netIncome": 25093000,
        "period": "2020A",
        "fPeriodEndDate": 44012,
        "curCode": "AUD"
      },
      {
        "revenue": 321404000,
        "netIncome": 218575000,
        "period": "2019A",
        "fPeriodEndDate": 43646,
        "curCode": "AUD"
      }
    ]
  },
  {
    "symbol": "MIR",
    "displayName": "MIRRABOOKA INVESTMENTS LIMITED",
    "industry": "Not Applic",
    "dateListed": "2001-06-28",
    "marketCap": 569484312,
    "xid": "201333",
    "priceChangeFiveDayPercent": -1.986754966887419,
    "isRecentListing": false,
    "priceAsk": 2.99,
    "priceBid": 2.95,
    "priceChange": -0.020000000000000018,
    "priceChangePercent": -0.671140939597316,
    "priceLast": 2.96,
    "securityType": 1,
    "volume": 53555,
    "statusCode": "",
    "isin": "AU000000MIR5",
    "priceClose": 2.98,
    "priceDayHigh": 2.99,
    "priceDayLow": 2.93,
    "priceFiftyTwoWeekHigh": 4.2,
    "priceFiftyTwoWeekLow": 2.56,
    "volumeAverage": 61100.606383,
    "dateExDate": "2022-07-27",
    "datePayDate": "2022-08-17",
    "dateRecordDate": "2022-07-28",
    "dividend": 0.085,
    "dividendType": "F",
    "frankingPercent": 100,
    "cashFlow": -20.938,
    "earningsPerShare": 0.03776,
    "freeCashFlowYield": -0.0000100000010000001,
    "priceEarningsRatio": 78.91949,
    "priceToCash": -99999.99,
    "foreignExempt": false,
    "shareDescription": "Ordinary Fully Paid",
    "numOfShares": 191102118,
    "yieldAnnual": 4.054054054054054,
    "incomeStatement": [
      {
        "revenue": 10150000,
        "netIncome": 6726000,
        "period": "2022A",
        "fPeriodEndDate": 44742,
        "curCode": "AUD"
      },
      {
        "revenue": 9850000,
        "netIncome": 6440000,
        "period": "2021A",
        "fPeriodEndDate": 44377,
        "curCode": "AUD"
      },
      {
        "revenue": 9548000,
        "netIncome": 6393000,
        "period": "2020A",
        "fPeriodEndDate": 44012,
        "curCode": "AUD"
      },
      {
        "revenue": 12010000,
        "netIncome": 8913000,
        "period": "2019A",
        "fPeriodEndDate": 43646,
        "curCode": "AUD"
      }
    ]
  },
  {
    "symbol": "NCC",
    "displayName": "NAOS EMERGING OPPORTUNITIES COMPANY LIMITED",
    "industry": "Not Applic",
    "dateListed": "2013-02-26",
    "marketCap": 62009892,
    "xid": "52853260",
    "priceChangeFiveDayPercent": 0,
    "isRecentListing": false,
    "priceAsk": 0.845,
    "priceBid": 0.84,
    "priceChange": -0.010000000000000009,
    "priceChangePercent": -1.1764705882352953,
    "priceLast": 0.84,
    "securityType": 1,
    "volume": 21940,
    "statusCode": "CD",
    "isin": "AU000000NCC8",
    "priceClose": 0.85,
    "priceDayHigh": 0.855,
    "priceDayLow": 0.84,
    "priceFiftyTwoWeekHigh": 1.155,
    "priceFiftyTwoWeekLow": 0.815,
    "volumeAverage": 63473.595745,
    "dateExDate": "2022-10-05",
    "datePayDate": "2022-10-28",
    "dateRecordDate": "2022-10-06",
    "dividend": 0.0375,
    "dividendType": "F",
    "frankingPercent": 50,
    "cashFlow": -0.42611,
    "earningsPerShare": -0.18326,
    "freeCashFlowYield": -0.0000100000010000001,
    "priceEarningsRatio": -99999.99,
    "priceToCash": -99999.99,
    "foreignExempt": false,
    "shareDescription": "Ordinary Fully Paid",
    "numOfShares": 72952814,
    "yieldAnnual": 8.928571428571429,
    "incomeStatement": [
      {
        "revenue": -15188340,
        "netIncome": -12796390,
        "period": "2022A",
        "fPeriodEndDate": 44742,
        "curCode": "AUD"
      },
      {
        "revenue": 29633030,
        "netIncome": 20664300,
        "period": "2021A",
        "fPeriodEndDate": 44377,
        "curCode": "AUD"
      },
      {
        "revenue": 23090,
        "netIncome": -597950,
        "period": "2020A",
        "fPeriodEndDate": 44012,
        "curCode": "AUD"
      },
      {
        "revenue": -8816660,
        "netIncome": -7507390,
        "period": "2019A",
        "fPeriodEndDate": 43646,
        "curCode": "AUD"
      }
    ]
  },
  {
    "symbol": "NAC",
    "displayName": "NAOS EX-50 OPPORTUNITIES COMPANY LIMITED",
    "industry": "Not Applic",
    "dateListed": "2014-11-12",
    "marketCap": 39068934,
    "xid": "80388314",
    "priceChangeFiveDayPercent": 0.5681818181818187,
    "isRecentListing": false,
    "priceAsk": 0.92,
    "priceBid": 0.88,
    "priceChange": 0.015000000000000013,
    "priceChangePercent": 1.7241379310344842,
    "priceLast": 0.885,
    "securityType": 1,
    "volume": 13720,
    "statusCode": "",
    "isin": "AU000000NAC2",
    "priceClose": 0.87,
    "priceDayHigh": 0.885,
    "priceDayLow": 0.88,
    "priceFiftyTwoWeekHigh": 1.28,
    "priceFiftyTwoWeekLow": 0.82,
    "volumeAverage": 27507.61039,
    "dateExDate": "2022-08-31",
    "datePayDate": "2022-09-21",
    "dateRecordDate": "2022-09-01",
    "dividend": 0.011,
    "dividendType": "F",
    "frankingPercent": 100,
    "cashFlow": 1.81895,
    "earningsPerShare": -0.39643,
    "freeCashFlowYield": -0.0000100000010000001,
    "priceEarningsRatio": -99999.99,
    "priceToCash": -99999.99,
    "foreignExempt": false,
    "shareDescription": "Ordinary Fully Paid",
    "numOfShares": 44906821,
    "yieldAnnual": 6.666666666666666,
    "incomeStatement": [
      {
        "revenue": -23216960,
        "netIncome": -18287300,
        "period": "2022A",
        "fPeriodEndDate": 44742,
        "curCode": "AUD"
      },
      {
        "revenue": 33290730,
        "netIncome": 19365240,
        "period": "2021A",
        "fPeriodEndDate": 44377,
        "curCode": "AUD"
      },
      {
        "revenue": 6490430,
        "netIncome": 4113330,
        "period": "2020A",
        "fPeriodEndDate": 44012,
        "curCode": "AUD"
      },
      {
        "revenue": -903160,
        "netIncome": -1058210,
        "period": "2019A",
        "fPeriodEndDate": 43646,
        "curCode": "AUD"
      }
    ]
  },
  {
    "symbol": "NSC",
    "displayName": "NAOS SMALL CAP OPPORTUNITIES COMPANY LIMITED",
    "industry": "Not Applic",
    "dateListed": "2004-03-25",
    "marketCap": 103399037,
    "xid": "83031",
    "priceChangeFiveDayPercent": -2.758620689655175,
    "isRecentListing": false,
    "priceAsk": 0.715,
    "priceBid": 0.705,
    "priceChange": -0.020000000000000018,
    "priceChangePercent": -2.758620689655175,
    "priceLast": 0.705,
    "securityType": 1,
    "volume": 8470,
    "statusCode": "",
    "isin": "AU000000NSC4",
    "priceClose": 0.725,
    "priceDayHigh": 0.715,
    "priceDayLow": 0.705,
    "priceFiftyTwoWeekHigh": 0.95,
    "priceFiftyTwoWeekLow": 0.66,
    "volumeAverage": 83340.978261,
    "dateExDate": "2022-08-31",
    "datePayDate": "2022-09-21",
    "dateRecordDate": "2022-09-01",
    "dividend": 0.0105,
    "dividendType": "F",
    "frankingPercent": 100,
    "cashFlow": 2.757,
    "earningsPerShare": 0.26052,
    "freeCashFlowYield": -0.0000100000010000001,
    "priceEarningsRatio": 2.7829,
    "priceToCash": -99999.99,
    "foreignExempt": false,
    "shareDescription": "Ordinary Fully Paid",
    "numOfShares": 142619362,
    "yieldAnnual": 7.092198581560283,
    "incomeStatement": [
      {
        "revenue": 76174000,
        "netIncome": 51527000,
        "period": "2021A",
        "fPeriodEndDate": 44377,
        "curCode": "AUD"
      },
      {
        "revenue": 6625000,
        "netIncome": 1412000,
        "period": "2020A",
        "fPeriodEndDate": 44012,
        "curCode": "AUD"
      },
      {
        "revenue": -21719000,
        "netIncome": -17702000,
        "period": "2019A",
        "fPeriodEndDate": 43646,
        "curCode": "AUD"
      },
      {
        "revenue": 9465000,
        "netIncome": 4744000,
        "period": "2018A",
        "fPeriodEndDate": 43281,
        "curCode": "AUD"
      }
    ]
  },
  {
    "symbol": "NBI",
    "displayName": "NB GLOBAL CORPORATE INCOME TRUST",
    "industry": "Not Applic",
    "dateListed": "2018-09-26",
    "marketCap": 613427986,
    "xid": "486196136",
    "priceChangeFiveDayPercent": -0.7117437722419935,
    "isRecentListing": false,
    "priceAsk": 1.395,
    "priceBid": 1.37,
    "priceChange": -0.0050000000000001155,
    "priceChangePercent": -0.35714285714286537,
    "priceLast": 1.395,
    "securityType": 6,
    "volume": 468709,
    "statusCode": "",
    "isin": "AU0000022477",
    "priceClose": 1.4000000000000001,
    "priceDayHigh": 1.4000000000000001,
    "priceDayLow": 1.37,
    "priceFiftyTwoWeekHigh": 1.935,
    "priceFiftyTwoWeekLow": 1.3075,
    "volumeAverage": 514024.478723,
    "dateExDate": "2022-09-01",
    "datePayDate": "2022-09-14",
    "dateRecordDate": "2022-09-02",
    "dividend": 0.0071,
    "dividendType": "I",
    "frankingPercent": 0,
    "cashFlow": 34.169,
    "earningsPerShare": -0.31329,
    "freeCashFlowYield": -0.0000100000010000001,
    "priceEarningsRatio": -99999.99,
    "priceToCash": -99999.99,
    "foreignExempt": false,
    "shareDescription": "Ordinary Units Fully Paid",
    "numOfShares": 438162847,
    "yieldAnnual": 0,
    "incomeStatement": [
      {
        "revenue": -132069000,
        "netIncome": -139370000,
        "period": "2022A",
        "fPeriodEndDate": 44742,
        "curCode": "AUD"
      },
      {
        "revenue": 130687000,
        "netIncome": 123118000,
        "period": "2021A",
        "fPeriodEndDate": 44377,
        "curCode": "AUD"
      },
      {
        "revenue": -20110000,
        "netIncome": -27430000,
        "period": "2020A",
        "fPeriodEndDate": 44012,
        "curCode": "AUD"
      },
      {
        "revenue": 32514000,
        "netIncome": 29808000,
        "period": "2019A",
        "fPeriodEndDate": 43646,
        "curCode": "AUD"
      }
    ]
  },
  {
    "symbol": "NGE",
    "displayName": "NGE CAPITAL LIMITED",
    "industry": "Not Applic",
    "dateListed": "2007-12-28",
    "marketCap": 26460000,
    "xid": "8011691",
    "priceChangeFiveDayPercent": 3.546099290780145,
    "isRecentListing": false,
    "priceAsk": 0.73,
    "priceBid": 0.715,
    "priceChange": -0.0050000000000000044,
    "priceChangePercent": -0.6802721088435381,
    "priceLast": 0.73,
    "securityType": 1,
    "volume": 20800,
    "statusCode": "",
    "isin": "AU000000NGE5",
    "priceClose": 0.735,
    "priceDayHigh": 0.735,
    "priceDayLow": 0.73,
    "priceFiftyTwoWeekHigh": 0.93,
    "priceFiftyTwoWeekLow": 0.7,
    "volumeAverage": 13952.054545,
    "cashFlow": -4.673,
    "earningsPerShare": 0.08182,
    "freeCashFlowYield": 0.11409677003453711,
    "priceEarningsRatio": 8.98313,
    "priceToCash": 8.76449,
    "foreignExempt": false,
    "shareDescription": "Ordinary Fully Paid",
    "numOfShares": 36000000,
    "yieldAnnual": 0,
    "incomeStatement": [
      {
        "revenue": 693000,
        "netIncome": 7337000,
        "period": "2021A",
        "fPeriodEndDate": 44561,
        "curCode": "AUD"
      },
      {
        "revenue": 342000,
        "netIncome": -2587000,
        "period": "2020A",
        "fPeriodEndDate": 44196,
        "curCode": "AUD"
      },
      {
        "revenue": 376000,
        "netIncome": 3190000,
        "period": "2019A",
        "fPeriodEndDate": 43830,
        "curCode": "AUD"
      },
      {
        "revenue": 305000,
        "netIncome": 7034000,
        "period": "2018A",
        "fPeriodEndDate": 43465,
        "curCode": "AUD"
      }
    ]
  },
  {
    "symbol": "OPH",
    "displayName": "OPHIR HIGH CONVICTION FUND",
    "industry": "Not Applic",
    "dateListed": "2018-12-19",
    "marketCap": 534141109,
    "xid": "507051690",
    "priceChangeFiveDayPercent": 1.2448132780082906,
    "isRecentListing": false,
    "priceAsk": 2.44,
    "priceBid": 2.41,
    "priceChange": 0.009999999999999787,
    "priceChangePercent": 0.41152263374484715,
    "priceLast": 2.44,
    "securityType": 6,
    "volume": 94048,
    "statusCode": "",
    "isin": "AU60OPH00027",
    "priceClose": 2.43,
    "priceDayHigh": 2.44,
    "priceDayLow": 2.38,
    "priceFiftyTwoWeekHigh": 4.05,
    "priceFiftyTwoWeekLow": 2.3,
    "volumeAverage": 105196.06383,
    "dateExDate": "2022-06-30",
    "datePayDate": "2022-07-20",
    "dateRecordDate": "2022-07-01",
    "dividend": 0.1519,
    "dividendType": "F",
    "frankingPercent": 5.96,
    "cashFlow": 43.028,
    "earningsPerShare": -0.81267,
    "freeCashFlowYield": -0.0000100000010000001,
    "priceEarningsRatio": -99999.99,
    "priceToCash": -99999.99,
    "foreignExempt": false,
    "shareDescription": "Ordinary Units Fully Paid",
    "numOfShares": 219811156,
    "yieldAnnual": 0,
    "incomeStatement": [
      {
        "revenue": -162732000,
        "netIncome": -173447000,
        "period": "2022A",
        "fPeriodEndDate": 44742,
        "curCode": "AUD"
      },
      {
        "revenue": 170801000,
        "netIncome": 160581000,
        "period": "2021A",
        "fPeriodEndDate": 44377,
        "curCode": "AUD"
      },
      {
        "revenue": 80126000,
        "netIncome": 54636000,
        "period": "2020A",
        "fPeriodEndDate": 44012,
        "curCode": "AUD"
      },
      {
        "revenue": 39307000,
        "netIncome": 94712000,
        "period": "2019A",
        "fPeriodEndDate": 43646,
        "curCode": "AUD"
      }
    ]
  },
  {
    "symbol": "PGG",
    "displayName": "PARTNERS GROUP GLOBAL INCOME FUND",
    "industry": "Not Applic",
    "dateListed": "2019-09-26",
    "marketCap": 420950839,
    "xid": "554375292",
    "priceChangeFiveDayPercent": -4.9535603715170184,
    "isRecentListing": false,
    "priceAsk": 1.5350000000000001,
    "priceBid": 1.46,
    "priceChange": 0.0050000000000001155,
    "priceChangePercent": 0.3267973856209226,
    "priceLast": 1.5350000000000001,
    "securityType": 6,
    "volume": 120135,
    "statusCode": "",
    "isin": "AU0000054439",
    "priceClose": 1.53,
    "priceDayHigh": 1.5350000000000001,
    "priceDayLow": 1.5,
    "priceFiftyTwoWeekHigh": 1.995,
    "priceFiftyTwoWeekLow": 1.46,
    "volumeAverage": 256134.223404,
    "dateExDate": "2022-08-31",
    "datePayDate": "2022-09-16",
    "dateRecordDate": "2022-09-01",
    "dividend": 0.0097,
    "dividendType": "I",
    "frankingPercent": 0,
    "cashFlow": -1.811,
    "earningsPerShare": -0.11341,
    "freeCashFlowYield": -0.0000100000010000001,
    "priceEarningsRatio": -99999.99,
    "priceToCash": -99999.99,
    "foreignExempt": false,
    "shareDescription": "Ordinary Units Fully Paid",
    "numOfShares": 275131267,
    "yieldAnnual": 0,
    "incomeStatement": [
      {
        "revenue": 41345000,
        "netIncome": 35384000,
        "period": "2021A",
        "fPeriodEndDate": 44561,
        "curCode": "AUD"
      },
      {
        "revenue": -125000,
        "netIncome": -5839000,
        "period": "2020A",
        "fPeriodEndDate": 44196,
        "curCode": "AUD"
      },
      {
        "revenue": 8062000,
        "netIncome": 6302000,
        "period": "2019A",
        "fPeriodEndDate": 43830,
        "curCode": "AUD"
      }
    ]
  },
  {
    "symbol": "PIA",
    "displayName": "PENGANA INTERNATIONAL EQUITIES LIMITED",
    "industry": "Not Applic",
    "dateListed": "2004-03-19",
    "marketCap": 244788696,
    "xid": "146343",
    "priceChangeFiveDayPercent": -6.467661691542274,
    "isRecentListing": false,
    "priceAsk": 0.9500000000000001,
    "priceBid": 0.93,
    "priceChange": -0.015000000000000013,
    "priceChangePercent": -1.5706806282722525,
    "priceLast": 0.9400000000000001,
    "securityType": 1,
    "volume": 158423,
    "statusCode": "",
    "isin": "AU000000PIA4",
    "priceClose": 0.9550000000000001,
    "priceDayHigh": 0.965,
    "priceDayLow": 0.92,
    "priceFiftyTwoWeekHigh": 1.47,
    "priceFiftyTwoWeekLow": 0.85,
    "volumeAverage": 139491.191489,
    "dateExDate": "2022-08-31",
    "datePayDate": "2022-09-15",
    "dateRecordDate": "2022-09-01",
    "dividend": 0.0135,
    "dividendType": "F",
    "frankingPercent": 100,
    "cashFlow": 4.314,
    "earningsPerShare": -0.24091,
    "freeCashFlowYield": -0.0000100000010000001,
    "priceEarningsRatio": -99999.99,
    "priceToCash": -99999.99,
    "foreignExempt": false,
    "shareDescription": "Ordinary Fully Paid",
    "numOfShares": 256323242,
    "yieldAnnual": 5.74468085106383,
    "incomeStatement": [
      {
        "revenue": -79350000,
        "netIncome": -61651000,
        "period": "2022A",
        "fPeriodEndDate": 44742,
        "curCode": "AUD"
      },
      {
        "revenue": 90520000,
        "netIncome": 59988000,
        "period": "2021A",
        "fPeriodEndDate": 44377,
        "curCode": "AUD"
      },
      {
        "revenue": 40921000,
        "netIncome": 24132000,
        "period": "2020A",
        "fPeriodEndDate": 44012,
        "curCode": "AUD"
      },
      {
        "revenue": 27517000,
        "netIncome": 16707000,
        "period": "2019A",
        "fPeriodEndDate": 43646,
        "curCode": "AUD"
      }
    ]
  },
  {
    "symbol": "PE1",
    "displayName": "PENGANA PRIVATE EQUITY TRUST",
    "industry": "Not Applic",
    "dateListed": "2019-04-30",
    "marketCap": 433145777,
    "xid": "519810560",
    "priceChangeFiveDayPercent": 0.6514657980456032,
    "isRecentListing": false,
    "priceAsk": 1.545,
    "priceBid": 1.5050000000000001,
    "priceChange": -0.010000000000000009,
    "priceChangePercent": -0.6430868167202578,
    "priceLast": 1.545,
    "securityType": 1,
    "volume": 306815,
    "statusCode": "",
    "isin": "AU0000039521",
    "priceClose": 1.555,
    "priceDayHigh": 1.555,
    "priceDayLow": 1.5050000000000001,
    "priceFiftyTwoWeekHigh": 1.80149,
    "priceFiftyTwoWeekLow": 1.255,
    "volumeAverage": 217960.606383,
    "dateExDate": "2022-07-01",
    "datePayDate": "2022-07-22",
    "dateRecordDate": "2022-07-04",
    "dividend": 0.0324,
    "dividendType": "F",
    "frankingPercent": 0,
    "cashFlow": -55.8,
    "earningsPerShare": 0.30056,
    "freeCashFlowYield": -0.0000100000010000001,
    "priceEarningsRatio": 5.17368,
    "priceToCash": -99999.99,
    "foreignExempt": false,
    "shareDescription": "Ordinary Units Fully Paid",
    "numOfShares": 278550339,
    "yieldAnnual": 0,
    "incomeStatement": [
      {
        "revenue": 95519000,
        "netIncome": 74482000,
        "period": "2022A",
        "fPeriodEndDate": 44742,
        "curCode": "AUD"
      },
      {
        "revenue": 49210000,
        "netIncome": 45190000,
        "period": "2021A",
        "fPeriodEndDate": 44377,
        "curCode": "AUD"
      },
      {
        "revenue": 8843000,
        "netIncome": 6146000,
        "period": "2020A",
        "fPeriodEndDate": 44012,
        "curCode": "AUD"
      },
      {
        "revenue": 1717000,
        "netIncome": 155000,
        "period": "2019A",
        "fPeriodEndDate": 43646,
        "curCode": "AUD"
      }
    ]
  },
  {
    "symbol": "PCI",
    "displayName": "PERPETUAL CREDIT INCOME TRUST",
    "industry": "Not Applic",
    "dateListed": "2019-05-14",
    "marketCap": 374867832,
    "xid": "523381056",
    "priceChangeFiveDayPercent": -1.0582010582010475,
    "isRecentListing": false,
    "priceAsk": 0.935,
    "priceBid": 0.925,
    "priceChange": 0,
    "priceChangePercent": 0,
    "priceLast": 0.935,
    "securityType": 6,
    "volume": 331861,
    "statusCode": "",
    "isin": "AU0000041261",
    "priceClose": 0.935,
    "priceDayHigh": 0.935,
    "priceDayLow": 0.92,
    "priceFiftyTwoWeekHigh": 1.11,
    "priceFiftyTwoWeekLow": 0.88,
    "volumeAverage": 337829.053191,
    "dateExDate": "2022-08-30",
    "datePayDate": "2022-09-07",
    "dateRecordDate": "2022-08-31",
    "dividend": 0.0047,
    "dividendType": "I",
    "frankingPercent": 0,
    "cashFlow": -2.144,
    "earningsPerShare": 0.00803,
    "freeCashFlowYield": -0.0000100000010000001,
    "priceEarningsRatio": 116.4384,
    "priceToCash": -99999.99,
    "foreignExempt": false,
    "shareDescription": "Ordinary Units Fully Paid",
    "numOfShares": 400928163,
    "yieldAnnual": 0,
    "incomeStatement": [
      {
        "revenue": 7064000,
        "netIncome": 3215000,
        "period": "2022A",
        "fPeriodEndDate": 44742,
        "curCode": "AUD"
      },
      {
        "revenue": 38927000,
        "netIncome": 34659000,
        "period": "2021A",
        "fPeriodEndDate": 44377,
        "curCode": "AUD"
      },
      {
        "revenue": 5072000,
        "netIncome": 643000,
        "period": "2020A",
        "fPeriodEndDate": 44012,
        "curCode": "AUD"
      },
      {
        "revenue": 2200000,
        "netIncome": 1568000,
        "period": "2019A",
        "fPeriodEndDate": 43646,
        "curCode": "AUD"
      }
    ]
  },
  {
    "symbol": "PIC",
    "displayName": "PERPETUAL EQUITY INVESTMENT COMPANY LIMITED",
    "industry": "Not Applic",
    "dateListed": "2014-12-18",
    "marketCap": 474431460,
    "xid": "80536809",
    "priceChangeFiveDayPercent": -1.968503937007867,
    "isRecentListing": false,
    "priceAsk": 1.27,
    "priceBid": 1.23,
    "priceChange": -0.014999999999999902,
    "priceChangePercent": -1.1904761904761827,
    "priceLast": 1.245,
    "securityType": 1,
    "volume": 117058,
    "statusCode": "CD",
    "isin": "AU000000PIC0",
    "priceClose": 1.26,
    "priceDayHigh": 1.27,
    "priceDayLow": 1.24,
    "priceFiftyTwoWeekHigh": 1.45,
    "priceFiftyTwoWeekLow": 1.12,
    "volumeAverage": 203034.053191,
    "dateExDate": "2022-09-27",
    "datePayDate": "2022-10-19",
    "dateRecordDate": "2022-09-28",
    "dividend": 0.033,
    "dividendType": "F",
    "frankingPercent": 100,
    "cashFlow": -37.871,
    "earningsPerShare": -0.04753,
    "freeCashFlowYield": -0.0000100000010000001,
    "priceEarningsRatio": -99999.99,
    "priceToCash": -99999.99,
    "foreignExempt": false,
    "shareDescription": "Ordinary Fully Paid",
    "numOfShares": 376532905,
    "yieldAnnual": 4.899598393574297,
    "incomeStatement": [
      {
        "revenue": -23885000,
        "netIncome": -17906000,
        "period": "2022A",
        "fPeriodEndDate": 44742,
        "curCode": "AUD"
      },
      {
        "revenue": 159465000,
        "netIncome": 108356000,
        "period": "2021A",
        "fPeriodEndDate": 44377,
        "curCode": "AUD"
      },
      {
        "revenue": 2922000,
        "netIncome": -434000,
        "period": "2020A",
        "fPeriodEndDate": 44012,
        "curCode": "AUD"
      },
      {
        "revenue": 22118000,
        "netIncome": 15219000,
        "period": "2019A",
        "fPeriodEndDate": 43646,
        "curCode": "AUD"
      }
    ]
  },
  {
    "symbol": "PAI",
    "displayName": "PLATINUM ASIA INVESTMENTS LIMITED",
    "industry": "Not Applic",
    "dateListed": "2015-09-21",
    "marketCap": 306212555,
    "xid": "299612510",
    "priceChangeFiveDayPercent": 0,
    "isRecentListing": false,
    "priceAsk": 0.84,
    "priceBid": 0.835,
    "priceChange": 0.009999999999999898,
    "priceChangePercent": 1.2048192771084214,
    "priceLast": 0.84,
    "securityType": 1,
    "volume": 177632,
    "statusCode": "",
    "isin": "AU000000PAI4",
    "priceClose": 0.8300000000000001,
    "priceDayHigh": 0.84,
    "priceDayLow": 0.8250000000000001,
    "priceFiftyTwoWeekHigh": 1.145,
    "priceFiftyTwoWeekLow": 0.825,
    "volumeAverage": 294597.329787,
    "dateExDate": "2022-08-25",
    "datePayDate": "2022-09-15",
    "dateRecordDate": "2022-08-26",
    "dividend": 0.025,
    "dividendType": "F",
    "frankingPercent": 100,
    "cashFlow": -36.781,
    "earningsPerShare": -0.12928,
    "freeCashFlowYield": -0.0000100000010000001,
    "priceEarningsRatio": -99999.99,
    "priceToCash": -99999.99,
    "foreignExempt": false,
    "shareDescription": "Ordinary Fully Paid",
    "numOfShares": 368930789,
    "yieldAnnual": 5.952380952380952,
    "incomeStatement": [
      {
        "revenue": -60053000,
        "netIncome": -47454000,
        "period": "2022A",
        "fPeriodEndDate": 44742,
        "curCode": "AUD"
      },
      {
        "revenue": 115040000,
        "netIncome": 75927000,
        "period": "2021A",
        "fPeriodEndDate": 44377,
        "curCode": "AUD"
      },
      {
        "revenue": 63942000,
        "netIncome": 38608000,
        "period": "2020A",
        "fPeriodEndDate": 44012,
        "curCode": "AUD"
      },
      {
        "revenue": 6284000,
        "netIncome": -158000,
        "period": "2019A",
        "fPeriodEndDate": 43646,
        "curCode": "AUD"
      }
    ]
  },
  {
    "symbol": "PMC",
    "displayName": "PLATINUM CAPITAL LIMITED",
    "industry": "Not Applic",
    "dateListed": "1994-06-29",
    "marketCap": 356603821,
    "xid": "230939",
    "priceChangeFiveDayPercent": -0.8163265306122456,
    "isRecentListing": false,
    "priceAsk": 1.22,
    "priceBid": 1.205,
    "priceChange": 0.0050000000000001155,
    "priceChangePercent": 0.41322314049587733,
    "priceLast": 1.215,
    "securityType": 1,
    "volume": 173739,
    "statusCode": "",
    "isin": "AU000000PMC2",
    "priceClose": 1.21,
    "priceDayHigh": 1.215,
    "priceDayLow": 1.205,
    "priceFiftyTwoWeekHigh": 1.565,
    "priceFiftyTwoWeekLow": 1.205,
    "volumeAverage": 176951.191489,
    "dateExDate": "2022-08-25",
    "datePayDate": "2022-09-15",
    "dateRecordDate": "2022-08-26",
    "dividend": 0.03,
    "dividendType": "F",
    "frankingPercent": 100,
    "cashFlow": 31.21,
    "earningsPerShare": -0.06611,
    "freeCashFlowYield": -0.0000100000010000001,
    "priceEarningsRatio": -99999.99,
    "priceToCash": -99999.99,
    "foreignExempt": false,
    "shareDescription": "Ordinary Fully Paid",
    "numOfShares": 294713902,
    "yieldAnnual": 4.938271604938272,
    "incomeStatement": [
      {
        "revenue": -20776000,
        "netIncome": -19425000,
        "period": "2022A",
        "fPeriodEndDate": 44742,
        "curCode": "AUD"
      },
      {
        "revenue": 103952000,
        "netIncome": 68272000,
        "period": "2021A",
        "fPeriodEndDate": 44377,
        "curCode": "AUD"
      },
      {
        "revenue": -8787000,
        "netIncome": -10125000,
        "period": "2020A",
        "fPeriodEndDate": 44012,
        "curCode": "AUD"
      },
      {
        "revenue": 6538000,
        "netIncome": -373000,
        "period": "2019A",
        "fPeriodEndDate": 43646,
        "curCode": "AUD"
      }
    ]
  },
  {
    "symbol": "PL8",
    "displayName": "PLATO INCOME MAXIMISER LIMITED.",
    "industry": "Not Applic",
    "dateListed": "2017-05-05",
    "marketCap": 665443963,
    "xid": "403829303",
    "priceChangeFiveDayPercent": -2.0746887966805088,
    "isRecentListing": false,
    "priceAsk": 1.19,
    "priceBid": 1.18,
    "priceChange": -0.020000000000000018,
    "priceChangePercent": -1.6666666666666683,
    "priceLast": 1.18,
    "securityType": 1,
    "volume": 324866,
    "statusCode": "XD",
    "isin": "AU000000PL81",
    "priceClose": 1.2,
    "priceDayHigh": 1.2,
    "priceDayLow": 1.18,
    "priceFiftyTwoWeekHigh": 1.325,
    "priceFiftyTwoWeekLow": 1.11,
    "volumeAverage": 446470.170213,
    "dateExDate": "2022-09-15",
    "datePayDate": "2022-09-30",
    "dateRecordDate": "2022-09-16",
    "dividend": 0.0055,
    "dividendType": "I",
    "frankingPercent": 100,
    "cashFlow": 11.254,
    "earningsPerShare": -0.01727,
    "freeCashFlowYield": -0.0000100000010000001,
    "priceEarningsRatio": -99999.99,
    "priceToCash": -99999.99,
    "foreignExempt": false,
    "shareDescription": "Ordinary Fully Paid",
    "numOfShares": 554536636,
    "yieldAnnual": 0,
    "incomeStatement": [
      {
        "revenue": -40572000,
        "netIncome": -12862000,
        "period": "2022A",
        "fPeriodEndDate": 44742,
        "curCode": "AUD"
      },
      {
        "revenue": 99578000,
        "netIncome": 73019000,
        "period": "2021A",
        "fPeriodEndDate": 44377,
        "curCode": "AUD"
      },
      {
        "revenue": -34890000,
        "netIncome": -21054000,
        "period": "2020A",
        "fPeriodEndDate": 44012,
        "curCode": "AUD"
      },
      {
        "revenue": 38575000,
        "netIncome": 34592000,
        "period": "2019A",
        "fPeriodEndDate": 43646,
        "curCode": "AUD"
      }
    ]
  },
  {
    "symbol": "PGF",
    "displayName": "PM CAPITAL GLOBAL OPPORTUNITIES FUND LIMITED",
    "industry": "Not Applic",
    "dateListed": "2013-12-12",
    "marketCap": 587057057,
    "xid": "70172314",
    "priceChangeFiveDayPercent": -8.284023668639048,
    "isRecentListing": false,
    "priceAsk": 1.55,
    "priceBid": 1.53,
    "priceChange": 0.050000000000000044,
    "priceChangePercent": 3.333333333333336,
    "priceLast": 1.55,
    "securityType": 1,
    "volume": 172771,
    "statusCode": "XD",
    "isin": "AU000000PGF7",
    "priceClose": 1.5,
    "priceDayHigh": 1.56,
    "priceDayLow": 1.5,
    "priceFiftyTwoWeekHigh": 1.77,
    "priceFiftyTwoWeekLow": 1.4125,
    "volumeAverage": 200034.531915,
    "dateExDate": "2022-09-15",
    "datePayDate": "2022-10-06",
    "dateRecordDate": "2022-09-16",
    "dividend": 0.05,
    "dividendType": "F",
    "frankingPercent": 100,
    "cashFlow": -56.77834,
    "earningsPerShare": -0.00058,
    "freeCashFlowYield": -0.0000100000010000001,
    "priceEarningsRatio": -99999.99,
    "priceToCash": -99999.99,
    "foreignExempt": false,
    "shareDescription": "Ordinary Fully Paid",
    "numOfShares": 391371371,
    "yieldAnnual": 6.451612903225806,
    "incomeStatement": [
      {
        "revenue": 13321470,
        "netIncome": -1272000,
        "period": "2022A",
        "fPeriodEndDate": 44742,
        "curCode": "AUD"
      },
      {
        "revenue": 218562590,
        "netIncome": 146386900,
        "period": "2021A",
        "fPeriodEndDate": 44377,
        "curCode": "AUD"
      },
      {
        "revenue": -22140070,
        "netIncome": -18671900,
        "period": "2020A",
        "fPeriodEndDate": 44012,
        "curCode": "AUD"
      },
      {
        "revenue": 9274510,
        "netIncome": 2882540,
        "period": "2019A",
        "fPeriodEndDate": 43646,
        "curCode": "AUD"
      }
    ]
  },
  {
    "symbol": "QRI",
    "displayName": "QUALITAS REAL ESTATE INCOME FUND",
    "industry": "Not Applic",
    "dateListed": "2018-11-27",
    "marketCap": 540629709,
    "xid": "503608943",
    "priceChangeFiveDayPercent": 2.0833333333333353,
    "isRecentListing": false,
    "priceAsk": 1.485,
    "priceBid": 1.45,
    "priceChange": 0.030000000000000027,
    "priceChangePercent": 2.0833333333333353,
    "priceLast": 1.47,
    "sector": "Financials",
    "industryGroup": "Diversified Financials",
    "securityType": 6,
    "volume": 92839,
    "statusCode": "",
    "isin": "AU0000027310",
    "priceClose": 1.44,
    "priceDayHigh": 1.48,
    "priceDayLow": 1.455,
    "priceFiftyTwoWeekHigh": 1.66813,
    "priceFiftyTwoWeekLow": 1.32,
    "volumeAverage": 284664.085106,
    "dateExDate": "2022-09-05",
    "datePayDate": "2022-09-15",
    "dateRecordDate": "2022-09-06",
    "dividend": 0.0087,
    "dividendType": "I",
    "frankingPercent": 0,
    "cashFlow": -175.222,
    "earningsPerShare": 0.08557,
    "freeCashFlowYield": -0.0000100000010000001,
    "priceEarningsRatio": 16.82833,
    "priceToCash": -99999.99,
    "foreignExempt": false,
    "shareDescription": "Ordinary Units Fully Paid",
    "numOfShares": 375437298,
    "yieldAnnual": 0,
    "incomeStatement": [
      {
        "revenue": 38888000,
        "netIncome": 28999000,
        "period": "2022A",
        "fPeriodEndDate": 44742,
        "curCode": "AUD"
      },
      {
        "revenue": 29805000,
        "netIncome": 22930000,
        "period": "2021A",
        "fPeriodEndDate": 44377,
        "curCode": "AUD"
      },
      {
        "revenue": 26928000,
        "netIncome": 20745000,
        "period": "2020A",
        "fPeriodEndDate": 44012,
        "curCode": "AUD"
      },
      {
        "revenue": 7365000,
        "netIncome": 4614000,
        "period": "2019A",
        "fPeriodEndDate": 43646,
        "curCode": "AUD"
      }
    ]
  },
  {
    "symbol": "QVE",
    "displayName": "QV EQUITIES LIMITED",
    "industry": "Not Applic",
    "dateListed": "2014-08-22",
    "marketCap": 215240049,
    "xid": "77705936",
    "priceChangeFiveDayPercent": -1.5789473684210424,
    "isRecentListing": false,
    "priceAsk": 0.9450000000000001,
    "priceBid": 0.935,
    "priceChange": -0.0050000000000000044,
    "priceChangePercent": -0.5319148936170217,
    "priceLast": 0.935,
    "securityType": 1,
    "volume": 166105,
    "statusCode": "",
    "isin": "AU000000QVE7",
    "priceClose": 0.9400000000000001,
    "priceDayHigh": 0.9400000000000001,
    "priceDayLow": 0.935,
    "priceFiftyTwoWeekHigh": 1.075,
    "priceFiftyTwoWeekLow": 0.92,
    "volumeAverage": 146399.354839,
    "dateExDate": "2022-08-15",
    "datePayDate": "2022-09-02",
    "dateRecordDate": "2022-08-16",
    "dividend": 0.012,
    "dividendType": "F",
    "frankingPercent": 100,
    "cashFlow": -10.06292,
    "earningsPerShare": 0.02635,
    "freeCashFlowYield": -0.0000100000010000001,
    "priceEarningsRatio": 35.67362,
    "priceToCash": -99999.99,
    "foreignExempt": false,
    "shareDescription": "Ordinary Fully Paid",
    "numOfShares": 228978776,
    "yieldAnnual": 5.133689839572193,
    "incomeStatement": [
      {
        "revenue": 9843280,
        "netIncome": 6148700,
        "period": "2022A",
        "fPeriodEndDate": 44742,
        "curCode": "AUD"
      },
      {
        "revenue": 9275730,
        "netIncome": 5633710,
        "period": "2021A",
        "fPeriodEndDate": 44377,
        "curCode": "AUD"
      },
      {
        "revenue": 14894030,
        "netIncome": 10478230,
        "period": "2020A",
        "fPeriodEndDate": 44012,
        "curCode": "AUD"
      },
      {
        "revenue": 14119250,
        "netIncome": 9387630,
        "period": "2019A",
        "fPeriodEndDate": 43646,
        "curCode": "AUD"
      }
    ]
  },
  {
    "symbol": "RF1",
    "displayName": "REGAL INVESTMENT FUND",
    "industry": "Not Applic",
    "dateListed": "2019-06-17",
    "marketCap": 582750820,
    "xid": "538972667",
    "priceChangeFiveDayPercent": -0.6042296072507558,
    "isRecentListing": false,
    "priceAsk": 3.3000000000000003,
    "priceBid": 3.29,
    "priceChange": 0.009999999999999787,
    "priceChangePercent": 0.3048780487804813,
    "priceLast": 3.29,
    "securityType": 6,
    "volume": 102703,
    "statusCode": "",
    "isin": "AU0000045585",
    "priceClose": 3.2800000000000002,
    "priceDayHigh": 3.3000000000000003,
    "priceDayLow": 3.2800000000000002,
    "priceFiftyTwoWeekHigh": 4.7138,
    "priceFiftyTwoWeekLow": 2.8,
    "volumeAverage": 122368.393617,
    "dateExDate": "2022-06-30",
    "datePayDate": "2022-08-22",
    "dateRecordDate": "2022-07-01",
    "dividend": 0.2956,
    "dividendType": "F",
    "frankingPercent": 0,
    "cashFlow": -213.384,
    "earningsPerShare": -0.21517,
    "freeCashFlowYield": -0.0000100000010000001,
    "priceEarningsRatio": -99999.99,
    "priceToCash": -99999.99,
    "foreignExempt": false,
    "shareDescription": "Ordinary Units Fully Paid",
    "numOfShares": 177667933,
    "yieldAnnual": 0,
    "incomeStatement": [
      {
        "revenue": 12952000,
        "netIncome": -52444000,
        "period": "2022A",
        "fPeriodEndDate": 44742,
        "curCode": "AUD"
      },
      {
        "revenue": 262808000,
        "netIncome": 174866000,
        "period": "2021A",
        "fPeriodEndDate": 44377,
        "curCode": "AUD"
      },
      {
        "revenue": 92882000,
        "netIncome": 43586000,
        "period": "2020A",
        "fPeriodEndDate": 44012,
        "curCode": "AUD"
      },
      {
        "revenue": 8119000,
        "netIncome": 5815000,
        "period": "2019A",
        "fPeriodEndDate": 43646,
        "curCode": "AUD"
      }
    ]
  },
  {
    "symbol": "RYD",
    "displayName": "RYDER CAPITAL LIMITED",
    "industry": "Not Applic",
    "dateListed": "2015-09-28",
    "marketCap": 108457185,
    "xid": "300431802",
    "priceChangeFiveDayPercent": 2.400000000000002,
    "isRecentListing": false,
    "priceAsk": 1.325,
    "priceBid": 1.28,
    "priceChange": 0,
    "priceChangePercent": 0,
    "priceLast": 1.28,
    "securityType": 1,
    "volume": 345,
    "statusCode": "",
    "isin": "AU000000RYD1",
    "priceClose": 1.28,
    "priceDayHigh": 1.28,
    "priceDayLow": 1.28,
    "priceFiftyTwoWeekHigh": 1.75,
    "priceFiftyTwoWeekLow": 1.18,
    "volumeAverage": 24730.028571,
    "dateExDate": "2022-08-19",
    "datePayDate": "2022-09-05",
    "dateRecordDate": "2022-08-22",
    "dividend": 0.04,
    "dividendType": "F",
    "frankingPercent": 100,
    "cashFlow": -13.52172,
    "earningsPerShare": 0.04557,
    "freeCashFlowYield": -0.0000100000010000001,
    "priceEarningsRatio": 28.08865,
    "priceToCash": -99999.99,
    "foreignExempt": false,
    "shareDescription": "Ordinary Fully Paid",
    "numOfShares": 84732176,
    "yieldAnnual": 5.46875,
    "incomeStatement": [
      {
        "revenue": 5228790,
        "netIncome": 3475910,
        "period": "2022A",
        "fPeriodEndDate": 44742,
        "curCode": "AUD"
      },
      {
        "revenue": 1802270,
        "netIncome": -4533020,
        "period": "2021A",
        "fPeriodEndDate": 44377,
        "curCode": "AUD"
      },
      {
        "revenue": 3374510,
        "netIncome": 752320,
        "period": "2020A",
        "fPeriodEndDate": 44012,
        "curCode": "AUD"
      },
      {
        "revenue": 1740410,
        "netIncome": 566310,
        "period": "2019A",
        "fPeriodEndDate": 43646,
        "curCode": "AUD"
      }
    ]
  },
  {
    "symbol": "SB2",
    "displayName": "SALTER BROTHERS EMERGING COMPANIES LIMITED",
    "industry": "Not Applic",
    "dateListed": "2021-06-16",
    "marketCap": 63714631,
    "xid": "656905834",
    "priceChangeFiveDayPercent": -2.173913043478247,
    "isRecentListing": false,
    "priceAsk": 0.715,
    "priceBid": 0.675,
    "priceChange": 0,
    "priceChangePercent": 0,
    "priceLast": 0.675,
    "securityType": 1,
    "volume": 0,
    "statusCode": "",
    "isin": "AU0000149429",
    "priceClose": 0.675,
    "priceFiftyTwoWeekHigh": 0.85,
    "priceFiftyTwoWeekLow": 0.66,
    "volumeAverage": 76864.075472,
    "cashFlow": 5.04,
    "earningsPerShare": -0.08677,
    "freeCashFlowYield": -0.0000100000010000001,
    "priceEarningsRatio": -99999.99,
    "priceToCash": -99999.99,
    "foreignExempt": false,
    "shareDescription": "Ordinary Fully Paid",
    "numOfShares": 94392046,
    "yieldAnnual": 0,
    "incomeStatement": [
      {
        "revenue": -8269000,
        "netIncome": -8190000,
        "period": "2022A",
        "fPeriodEndDate": 44742,
        "curCode": "AUD"
      },
      {
        "revenue": 6287000,
        "netIncome": 3087000,
        "period": "2021A",
        "fPeriodEndDate": 44377,
        "curCode": "AUD"
      }
    ]
  },
  {
    "symbol": "SNC",
    "displayName": "SANDON CAPITAL INVESTMENTS LIMITED",
    "industry": "Not Applic",
    "dateListed": "2013-12-23",
    "marketCap": 98429355,
    "xid": "70485944",
    "priceChangeFiveDayPercent": 0.6849315068493157,
    "isRecentListing": false,
    "priceAsk": 0.735,
    "priceBid": 0.725,
    "priceChange": 0.010000000000000009,
    "priceChangePercent": 1.3793103448275874,
    "priceLast": 0.735,
    "securityType": 1,
    "volume": 16808,
    "statusCode": "CD",
    "isin": "AU000000SNC4",
    "priceClose": 0.725,
    "priceDayHigh": 0.735,
    "priceDayLow": 0.73,
    "priceFiftyTwoWeekHigh": 1.055,
    "priceFiftyTwoWeekLow": 0.685,
    "volumeAverage": 76092.606383,
    "dateExDate": "2022-10-21",
    "datePayDate": "2022-11-07",
    "dateRecordDate": "2022-10-24",
    "dividend": 0.0275,
    "dividendType": "F",
    "frankingPercent": 100,
    "cashFlow": -30.32624,
    "earningsPerShare": -0.17222,
    "freeCashFlowYield": -0.0000100000010000001,
    "priceEarningsRatio": -99999.99,
    "priceToCash": -99999.99,
    "foreignExempt": false,
    "shareDescription": "Ordinary Fully Paid",
    "numOfShares": 135764627,
    "yieldAnnual": 7.482993197278912,
    "incomeStatement": [
      {
        "revenue": -27452980,
        "netIncome": -23698380,
        "period": "2022A",
        "fPeriodEndDate": 44742,
        "curCode": "AUD"
      },
      {
        "revenue": 56513390,
        "netIncome": 37337090,
        "period": "2021A",
        "fPeriodEndDate": 44377,
        "curCode": "AUD"
      },
      {
        "revenue": -7667280,
        "netIncome": -8663840,
        "period": "2020A",
        "fPeriodEndDate": 44012,
        "curCode": "AUD"
      },
      {
        "revenue": 1352610,
        "netIncome": -201710,
        "period": "2019A",
        "fPeriodEndDate": 43646,
        "curCode": "AUD"
      }
    ]
  },
  {
    "symbol": "SEC",
    "displayName": "SPHERIA EMERGING COMPANIES LIMITED",
    "industry": "Not Applic",
    "dateListed": "2017-12-05",
    "marketCap": 122707291,
    "xid": "435415418",
    "priceChangeFiveDayPercent": -2.763819095477384,
    "isRecentListing": false,
    "priceAsk": 2,
    "priceBid": 1.935,
    "priceChange": -0.10499999999999998,
    "priceChangePercent": -5.147058823529411,
    "priceLast": 1.935,
    "securityType": 1,
    "volume": 86734,
    "statusCode": "",
    "isin": "AU000000SEC3",
    "priceClose": 2.04,
    "priceDayHigh": 2.04,
    "priceDayLow": 1.935,
    "priceFiftyTwoWeekHigh": 2.63,
    "priceFiftyTwoWeekLow": 1.775,
    "volumeAverage": 52494.93617,
    "dateExDate": "2022-07-14",
    "datePayDate": "2022-07-29",
    "dateRecordDate": "2022-07-15",
    "dividend": 0.022,
    "dividendType": "F",
    "frankingPercent": 100,
    "cashFlow": 0.019,
    "earningsPerShare": -0.22266,
    "freeCashFlowYield": -0.0000100000010000001,
    "priceEarningsRatio": -99999.99,
    "priceToCash": -99999.99,
    "foreignExempt": false,
    "shareDescription": "Ordinary Fully Paid",
    "numOfShares": 60150633,
    "yieldAnnual": 0,
    "incomeStatement": [
      {
        "revenue": -16138000,
        "netIncome": -13393000,
        "period": "2022A",
        "fPeriodEndDate": 44742,
        "curCode": "AUD"
      },
      {
        "revenue": 61603000,
        "netIncome": 40185000,
        "period": "2021A",
        "fPeriodEndDate": 44377,
        "curCode": "AUD"
      },
      {
        "revenue": -15028000,
        "netIncome": -10813000,
        "period": "2020A",
        "fPeriodEndDate": 44012,
        "curCode": "AUD"
      },
      {
        "revenue": 5176000,
        "netIncome": 3228000,
        "period": "2019A",
        "fPeriodEndDate": 43646,
        "curCode": "AUD"
      }
    ]
  },
  {
    "symbol": "SVS",
    "displayName": "SUNVEST CORPORATION LIMITED",
    "industry": "Not Applic",
    "dateListed": "1987-08-20",
    "marketCap": 7295414,
    "xid": "263046",
    "priceChangeFiveDayPercent": 0,
    "isRecentListing": false,
    "priceAsk": 0.6,
    "priceBid": 0.55,
    "priceChange": 0,
    "priceChangePercent": 0,
    "priceLast": 0.6,
    "securityType": 1,
    "volume": 0,
    "statusCode": "XQ",
    "isin": "AU000000SVS3",
    "priceClose": 0.6,
    "priceFiftyTwoWeekHigh": 0.63,
    "priceFiftyTwoWeekLow": 0.5,
    "volumeAverage": 66112,
    "cashFlow": -0.35875,
    "earningsPerShare": -0.02749,
    "freeCashFlowYield": -0.0000100000010000001,
    "priceEarningsRatio": -99999.99,
    "priceToCash": -99999.99,
    "foreignExempt": false,
    "shareDescription": "Ordinary Fully Paid",
    "numOfShares": 12159024,
    "yieldAnnual": 0,
    "incomeStatement": [
      {
        "revenue": 140930,
        "netIncome": -334300,
        "period": "2022A",
        "fPeriodEndDate": 44742,
        "curCode": "AUD"
      },
      {
        "revenue": 1736660,
        "netIncome": 1068410,
        "period": "2021A",
        "fPeriodEndDate": 44377,
        "curCode": "AUD"
      },
      {
        "revenue": 2174260,
        "netIncome": 1959480,
        "period": "2020A",
        "fPeriodEndDate": 44012,
        "curCode": "AUD"
      },
      {
        "revenue": -199400,
        "netIncome": -492920,
        "period": "2019A",
        "fPeriodEndDate": 43646,
        "curCode": "AUD"
      }
    ]
  },
  {
    "symbol": "TOP",
    "displayName": "THORNEY OPPORTUNITIES LTD",
    "industry": "Not Applic",
    "dateListed": "2000-03-22",
    "marketCap": 100838017,
    "xid": "288467",
    "priceChangeFiveDayPercent": -0.9433962264150951,
    "isRecentListing": false,
    "priceAsk": 0.53,
    "priceBid": 0.52,
    "priceChange": 0.0050000000000000044,
    "priceChangePercent": 0.9615384615384623,
    "priceLast": 0.525,
    "securityType": 1,
    "volume": 1002,
    "statusCode": "XD",
    "isin": "AU000000TOP2",
    "priceClose": 0.52,
    "priceDayHigh": 0.525,
    "priceDayLow": 0.525,
    "priceFiftyTwoWeekHigh": 0.615,
    "priceFiftyTwoWeekLow": 0.445,
    "volumeAverage": 76935.314607,
    "dateExDate": "2022-09-07",
    "datePayDate": "2022-09-30",
    "dateRecordDate": "2022-09-08",
    "dividend": 0.014,
    "dividendType": "F",
    "frankingPercent": 100,
    "cashFlow": -1.99334,
    "earningsPerShare": -0.01927,
    "freeCashFlowYield": -0.0000100000010000001,
    "priceEarningsRatio": -99999.99,
    "priceToCash": -99999.99,
    "foreignExempt": false,
    "shareDescription": "Ordinary Fully Paid",
    "numOfShares": 193919264,
    "yieldAnnual": 4.571428571428571,
    "incomeStatement": [
      {
        "revenue": -2977580,
        "netIncome": -3723310,
        "period": "2022A",
        "fPeriodEndDate": 44742,
        "curCode": "AUD"
      },
      {
        "revenue": 38812830,
        "netIncome": 22527360,
        "period": "2021A",
        "fPeriodEndDate": 44377,
        "curCode": "AUD"
      },
      {
        "revenue": -46952070,
        "netIncome": -34917470,
        "period": "2020A",
        "fPeriodEndDate": 44012,
        "curCode": "AUD"
      },
      {
        "revenue": 21113540,
        "netIncome": 12045580,
        "period": "2019A",
        "fPeriodEndDate": 43646,
        "curCode": "AUD"
      }
    ]
  },
  {
    "symbol": "TEK",
    "displayName": "THORNEY TECHNOLOGIES LTD",
    "industry": "Not Applic",
    "dateListed": "2005-05-10",
    "marketCap": 99884659,
    "xid": "1729302",
    "priceChangeFiveDayPercent": 2.1739130434782625,
    "isRecentListing": false,
    "priceAsk": 0.23500000000000001,
    "priceBid": 0.23,
    "priceChange": 0,
    "priceChangePercent": 0,
    "priceLast": 0.23500000000000001,
    "securityType": 1,
    "volume": 1017194,
    "statusCode": "",
    "isin": "AU000000TEK4",
    "priceClose": 0.23500000000000001,
    "priceDayHigh": 0.23500000000000001,
    "priceDayLow": 0.225,
    "priceFiftyTwoWeekHigh": 0.485,
    "priceFiftyTwoWeekLow": 0.2,
    "volumeAverage": 459199.882979,
    "cashFlow": -12.50991,
    "earningsPerShare": -0.10578,
    "freeCashFlowYield": -0.0000100000010000001,
    "priceEarningsRatio": -99999.99,
    "priceToCash": -99999.99,
    "foreignExempt": false,
    "shareDescription": "Ordinary Fully Paid",
    "numOfShares": 425041104,
    "yieldAnnual": 0,
    "incomeStatement": [
      {
        "revenue": -59898130,
        "netIncome": -45154850,
        "period": "2022A",
        "fPeriodEndDate": 44742,
        "curCode": "AUD"
      },
      {
        "revenue": 79865470,
        "netIncome": 52849900,
        "period": "2021A",
        "fPeriodEndDate": 44377,
        "curCode": "AUD"
      },
      {
        "revenue": 2143890,
        "netIncome": 199870,
        "period": "2020A",
        "fPeriodEndDate": 44012,
        "curCode": "AUD"
      },
      {
        "revenue": 228310,
        "netIncome": 22541890,
        "period": "2019A",
        "fPeriodEndDate": 43646,
        "curCode": "AUD"
      }
    ]
  },
  {
    "symbol": "TGF",
    "displayName": "TRIBECA GLOBAL NATURAL RESOURCES LIMITED",
    "industry": "Not Applic",
    "dateListed": "2018-10-12",
    "marketCap": 129765000,
    "xid": "493257773",
    "priceChangeFiveDayPercent": -1.8348623853211024,
    "isRecentListing": false,
    "priceAsk": 2.14,
    "priceBid": 2.08,
    "priceChange": 0.03000000000000025,
    "priceChangePercent": 1.4218009478673104,
    "priceLast": 2.14,
    "securityType": 1,
    "volume": 71376,
    "upcomingEventName": "Closing date for receipt of director's nominations",
    "statusCode": "",
    "isin": "AU0000023202",
    "priceClose": 2.11,
    "priceDayHigh": 2.15,
    "priceDayLow": 2.08,
    "priceFiftyTwoWeekHigh": 3.12,
    "priceFiftyTwoWeekLow": 1.9,
    "volumeAverage": 84565.989362,
    "cashFlow": 0.84146,
    "earningsPerShare": -0.19227,
    "freeCashFlowYield": -0.0000100000010000001,
    "priceEarningsRatio": -99999.99,
    "priceToCash": -99999.99,
    "foreignExempt": false,
    "shareDescription": "Ordinary Fully Paid",
    "numOfShares": 61500000,
    "yieldAnnual": 0,
    "incomeStatement": [
      {
        "revenue": 4220850,
        "netIncome": -11824300,
        "period": "2022A",
        "fPeriodEndDate": 44742,
        "curCode": "AUD"
      },
      {
        "revenue": 79298740,
        "netIncome": 52227770,
        "period": "2021A",
        "fPeriodEndDate": 44377,
        "curCode": "AUD"
      },
      {
        "revenue": -53195050,
        "netIncome": -45665720,
        "period": "2020A",
        "fPeriodEndDate": 44012,
        "curCode": "AUD"
      },
      {
        "revenue": 351840,
        "netIncome": -2649850,
        "period": "2019A",
        "fPeriodEndDate": 43646,
        "curCode": "AUD"
      }
    ]
  },
  {
    "symbol": "VG8",
    "displayName": "VGI PARTNERS ASIAN INVESTMENTS LIMITED",
    "industry": "Not Applic",
    "dateListed": "2019-11-13",
    "marketCap": 419162154,
    "xid": "561648574",
    "priceChangeFiveDayPercent": 3.684210526315793,
    "isRecentListing": false,
    "priceAsk": 1.985,
    "priceBid": 1.93,
    "priceChange": 0.040000000000000036,
    "priceChangePercent": 2.072538860103629,
    "priceLast": 1.97,
    "securityType": 1,
    "volume": 461392,
    "statusCode": "XD",
    "isin": "AU0000057218",
    "priceClose": 1.93,
    "priceDayHigh": 1.99,
    "priceDayLow": 1.915,
    "priceFiftyTwoWeekHigh": 2.2,
    "priceFiftyTwoWeekLow": 1.73,
    "volumeAverage": 215141.851064,
    "dateExDate": "2022-08-29",
    "datePayDate": "2022-09-30",
    "dateRecordDate": "2022-08-30",
    "dividend": 0.05,
    "dividendType": "F",
    "frankingPercent": 51.4,
    "cashFlow": 97.80854,
    "earningsPerShare": -0.3768,
    "freeCashFlowYield": -0.0000100000010000001,
    "priceEarningsRatio": -99999.99,
    "priceToCash": -99999.99,
    "foreignExempt": false,
    "shareDescription": "Ordinary Fully Paid",
    "numOfShares": 217182463,
    "yieldAnnual": 0,
    "incomeStatement": [
      {
        "revenue": -107350910,
        "netIncome": -83747700,
        "period": "2022A",
        "fPeriodEndDate": 44742,
        "curCode": "AUD"
      },
      {
        "revenue": 110102130,
        "netIncome": 58797840,
        "period": "2021A",
        "fPeriodEndDate": 44377,
        "curCode": "AUD"
      },
      {
        "revenue": 4444650,
        "netIncome": -2308310,
        "period": "2020A",
        "fPeriodEndDate": 44012,
        "curCode": "AUD"
      },
      {
        "revenue": 0,
        "netIncome": -32768,
        "period": "2019A",
        "fPeriodEndDate": 43646,
        "curCode": "AUD"
      }
    ]
  },
  {
    "symbol": "VG1",
    "displayName": "VGI PARTNERS GLOBAL INVESTMENTS LIMITED",
    "industry": "Not Applic",
    "dateListed": "2017-09-28",
    "marketCap": 541200979,
    "xid": "429004886",
    "priceChangeFiveDayPercent": 1.694915254237282,
    "isRecentListing": false,
    "priceAsk": 1.5,
    "priceBid": 1.46,
    "priceChange": 0.02499999999999991,
    "priceChangePercent": 1.694915254237282,
    "priceLast": 1.5,
    "securityType": 1,
    "volume": 254268,
    "statusCode": "XD",
    "isin": "AU000000VG15",
    "priceClose": 1.475,
    "priceDayHigh": 1.5,
    "priceDayLow": 1.455,
    "priceFiftyTwoWeekHigh": 2.17,
    "priceFiftyTwoWeekLow": 1.385,
    "volumeAverage": 462091.393617,
    "dateExDate": "2022-08-25",
    "datePayDate": "2022-09-28",
    "dateRecordDate": "2022-08-26",
    "dividend": 0.045,
    "dividendType": "F",
    "frankingPercent": 73.33,
    "cashFlow": 328.168,
    "earningsPerShare": -0.50749,
    "freeCashFlowYield": -0.0000100000010000001,
    "priceEarningsRatio": -99999.99,
    "priceToCash": -99999.99,
    "foreignExempt": false,
    "shareDescription": "Ordinary Fully Paid",
    "numOfShares": 366915918,
    "yieldAnnual": 4.666666666666666,
    "incomeStatement": [
      {
        "revenue": -254180880,
        "netIncome": -192845310,
        "period": "2022A",
        "fPeriodEndDate": 44742,
        "curCode": "AUD"
      },
      {
        "revenue": 267393000,
        "netIncome": 153921470,
        "period": "2021A",
        "fPeriodEndDate": 44377,
        "curCode": "AUD"
      },
      {
        "revenue": -36543860,
        "netIncome": -45475840,
        "period": "2020A",
        "fPeriodEndDate": 44012,
        "curCode": "AUD"
      },
      {
        "revenue": 99039390,
        "netIncome": 50623960,
        "period": "2019A",
        "fPeriodEndDate": 43646,
        "curCode": "AUD"
      }
    ]
  },
  {
    "symbol": "WAA",
    "displayName": "WAM ACTIVE LIMITED",
    "industry": "Not Applic",
    "dateListed": "2008-01-11",
    "marketCap": 67872852,
    "xid": "9258831",
    "priceChangeFiveDayPercent": 0,
    "isRecentListing": false,
    "priceAsk": 0.905,
    "priceBid": 0.88,
    "priceChange": -0.03500000000000003,
    "priceChangePercent": -3.8251366120218613,
    "priceLast": 0.88,
    "securityType": 1,
    "volume": 39119,
    "upcomingEventName": "AGM",
    "statusCode": "CD",
    "isin": "AU000000WAA7",
    "priceClose": 0.915,
    "priceDayHigh": 0.915,
    "priceDayLow": 0.88,
    "priceFiftyTwoWeekHigh": 1.16,
    "priceFiftyTwoWeekLow": 0.72,
    "volumeAverage": 66512.714286,
    "dateExDate": "2022-10-17",
    "datePayDate": "2022-10-28",
    "dateRecordDate": "2022-10-18",
    "dividend": 0.03,
    "dividendType": "F",
    "frankingPercent": 100,
    "cashFlow": -9.85302,
    "earningsPerShare": -0.16157,
    "freeCashFlowYield": -0.0000100000010000001,
    "priceEarningsRatio": -99999.99,
    "priceToCash": -99999.99,
    "foreignExempt": false,
    "shareDescription": "Ordinary Fully Paid",
    "numOfShares": 74177980,
    "yieldAnnual": 6.818181818181818,
    "incomeStatement": [
      {
        "revenue": -15653280,
        "netIncome": -11959690,
        "period": "2022A",
        "fPeriodEndDate": 44742,
        "curCode": "AUD"
      },
      {
        "revenue": 12108330,
        "netIncome": 6270610,
        "period": "2021A",
        "fPeriodEndDate": 44377,
        "curCode": "AUD"
      },
      {
        "revenue": 90330,
        "netIncome": -767420,
        "period": "2020A",
        "fPeriodEndDate": 44012,
        "curCode": "AUD"
      },
      {
        "revenue": 1597750,
        "netIncome": 673130,
        "period": "2019A",
        "fPeriodEndDate": 43646,
        "curCode": "AUD"
      }
    ]
  },
  {
    "symbol": "WMA",
    "displayName": "WAM ALTERNATIVE ASSETS LIMITED",
    "industry": "Not Applic",
    "dateListed": "2014-06-16",
    "marketCap": 210068613,
    "xid": "75736395",
    "priceChangeFiveDayPercent": 0,
    "isRecentListing": false,
    "priceAsk": 1.09,
    "priceBid": 1.08,
    "priceChange": 0.010000000000000009,
    "priceChangePercent": 0.9259259259259267,
    "priceLast": 1.09,
    "securityType": 1,
    "volume": 156052,
    "upcomingEventName": "AGM",
    "statusCode": "CD",
    "isin": "AU0000110827",
    "priceClose": 1.08,
    "priceDayHigh": 1.09,
    "priceDayLow": 1.08,
    "priceFiftyTwoWeekHigh": 1.14,
    "priceFiftyTwoWeekLow": 0.9925,
    "volumeAverage": 150028.117021,
    "dateExDate": "2022-10-17",
    "datePayDate": "2022-10-28",
    "dateRecordDate": "2022-10-18",
    "dividend": 0.02,
    "dividendType": "F",
    "frankingPercent": 100,
    "cashFlow": 13.43657,
    "earningsPerShare": 0.09301,
    "freeCashFlowYield": -0.0000100000010000001,
    "priceEarningsRatio": 11.61165,
    "priceToCash": -99999.99,
    "foreignExempt": false,
    "shareDescription": "Ordinary Fully Paid",
    "numOfShares": 194507975,
    "yieldAnnual": 3.6697247706422016,
    "incomeStatement": [
      {
        "revenue": 26812110,
        "netIncome": 18054730,
        "period": "2022A",
        "fPeriodEndDate": 44742,
        "curCode": "AUD"
      },
      {
        "revenue": 26554170,
        "netIncome": 18019310,
        "period": "2021A",
        "fPeriodEndDate": 44377,
        "curCode": "AUD"
      },
      {
        "revenue": 11149000,
        "netIncome": 5134000,
        "period": "2020A",
        "fPeriodEndDate": 44012,
        "curCode": "AUD"
      },
      {
        "revenue": 14000000,
        "netIncome": 6713000,
        "period": "2019A",
        "fPeriodEndDate": 43646,
        "curCode": "AUD"
      }
    ]
  },
  {
    "symbol": "WAM",
    "displayName": "WAM CAPITAL LIMITED",
    "industry": "Not Applic",
    "dateListed": "1999-08-12",
    "marketCap": 1974348208,
    "xid": "283643",
    "priceChangeFiveDayPercent": -0.8196721311475478,
    "isRecentListing": false,
    "priceAsk": 1.815,
    "priceBid": 1.795,
    "priceChange": 0,
    "priceChangePercent": 0,
    "priceLast": 1.815,
    "securityType": 1,
    "volume": 718470,
    "upcomingEventName": "AGM",
    "statusCode": "CD",
    "isin": "AU000000WAM2",
    "priceClose": 1.815,
    "priceDayHigh": 1.825,
    "priceDayLow": 1.79,
    "priceFiftyTwoWeekHigh": 2.4,
    "priceFiftyTwoWeekLow": 1.66,
    "volumeAverage": 1398826.010638,
    "dateExDate": "2022-10-17",
    "datePayDate": "2022-10-28",
    "dateRecordDate": "2022-10-18",
    "dividend": 0.0775,
    "dividendType": "F",
    "frankingPercent": 100,
    "cashFlow": 81.16452,
    "earningsPerShare": -0.31068,
    "freeCashFlowYield": -0.0000100000010000001,
    "priceEarningsRatio": -99999.99,
    "priceToCash": -99999.99,
    "foreignExempt": false,
    "shareDescription": "Ordinary Fully Paid",
    "numOfShares": 1087795156,
    "yieldAnnual": 8.539944903581267,
    "incomeStatement": [
      {
        "revenue": -400858860,
        "netIncome": -293696430,
        "period": "2022A",
        "fPeriodEndDate": 44742,
        "curCode": "AUD"
      },
      {
        "revenue": 379570270,
        "netIncome": 266615110,
        "period": "2021A",
        "fPeriodEndDate": 44377,
        "curCode": "AUD"
      },
      {
        "revenue": -27664700,
        "netIncome": -26706970,
        "period": "2020A",
        "fPeriodEndDate": 44012,
        "curCode": "AUD"
      },
      {
        "revenue": 25790270,
        "netIncome": 14533220,
        "period": "2019A",
        "fPeriodEndDate": 43646,
        "curCode": "AUD"
      }
    ]
  },
  {
    "symbol": "WGB",
    "displayName": "WAM GLOBAL LIMITED",
    "industry": "Not Applic",
    "dateListed": "2018-06-22",
    "marketCap": 670527595,
    "xid": "467414902",
    "priceChangeFiveDayPercent": 1.058201058201071,
    "isRecentListing": false,
    "priceAsk": 1.9100000000000001,
    "priceBid": 1.8900000000000001,
    "priceChange": 0,
    "priceChangePercent": 0,
    "priceLast": 1.9100000000000001,
    "securityType": 1,
    "volume": 193606,
    "upcomingEventName": "AGM",
    "statusCode": "CD",
    "isin": "AU0000009649",
    "priceClose": 1.9100000000000001,
    "priceDayHigh": 1.9100000000000001,
    "priceDayLow": 1.87,
    "priceFiftyTwoWeekHigh": 2.69,
    "priceFiftyTwoWeekLow": 1.655,
    "volumeAverage": 225143.595745,
    "dateExDate": "2022-10-12",
    "datePayDate": "2022-10-25",
    "dateRecordDate": "2022-10-13",
    "dividend": 0.055,
    "dividendType": "F",
    "frankingPercent": 100,
    "cashFlow": -10.25687,
    "earningsPerShare": -0.31341,
    "freeCashFlowYield": -0.0000100000010000001,
    "priceEarningsRatio": -99999.99,
    "priceToCash": -99999.99,
    "foreignExempt": false,
    "shareDescription": "Ordinary Fully Paid",
    "numOfShares": 351061568,
    "yieldAnnual": 0,
    "incomeStatement": [
      {
        "revenue": -154735470,
        "netIncome": -116681240,
        "period": "2022A",
        "fPeriodEndDate": 44742,
        "curCode": "AUD"
      },
      {
        "revenue": 145563810,
        "netIncome": 95929810,
        "period": "2021A",
        "fPeriodEndDate": 44377,
        "curCode": "AUD"
      },
      {
        "revenue": 15025650,
        "netIncome": 5049640,
        "period": "2020A",
        "fPeriodEndDate": 44012,
        "curCode": "AUD"
      },
      {
        "revenue": 32550200,
        "netIncome": 17511060,
        "period": "2019A",
        "fPeriodEndDate": 43646,
        "curCode": "AUD"
      }
    ]
  },
  {
    "symbol": "WLE",
    "displayName": "WAM LEADERS LIMITED",
    "industry": "Not Applic",
    "dateListed": "2016-05-30",
    "marketCap": 1556237550,
    "xid": "349616320",
    "priceChangeFiveDayPercent": -1.9933554817275618,
    "isRecentListing": false,
    "priceAsk": 1.495,
    "priceBid": 1.475,
    "priceChange": -0.030000000000000027,
    "priceChangePercent": -1.9933554817275763,
    "priceLast": 1.475,
    "securityType": 1,
    "volume": 1245791,
    "upcomingEventName": "AGM",
    "statusCode": "CD",
    "isin": "AU000000WLE6",
    "priceClose": 1.5050000000000001,
    "priceDayHigh": 1.5050000000000001,
    "priceDayLow": 1.475,
    "priceFiftyTwoWeekHigh": 1.64,
    "priceFiftyTwoWeekLow": 1.35,
    "volumeAverage": 568325.617021,
    "dateExDate": "2022-11-17",
    "datePayDate": "2022-11-30",
    "dateRecordDate": "2022-11-18",
    "dividend": 0.04,
    "dividendType": "F",
    "frankingPercent": 100,
    "cashFlow": -264.4011,
    "earningsPerShare": 0.06614,
    "freeCashFlowYield": -0.0000100000010000001,
    "priceEarningsRatio": 22.75476,
    "priceToCash": -99999.99,
    "foreignExempt": false,
    "shareDescription": "Ordinary Fully Paid",
    "numOfShares": 1034044884,
    "yieldAnnual": 5.423728813559322,
    "incomeStatement": [
      {
        "revenue": 134857880,
        "netIncome": 65760440,
        "period": "2022A",
        "fPeriodEndDate": 44742,
        "curCode": "AUD"
      },
      {
        "revenue": 349402190,
        "netIncome": 228934610,
        "period": "2021A",
        "fPeriodEndDate": 44377,
        "curCode": "AUD"
      },
      {
        "revenue": 28441810,
        "netIncome": 5333300,
        "period": "2020A",
        "fPeriodEndDate": 44012,
        "curCode": "AUD"
      },
      {
        "revenue": 103311770,
        "netIncome": 71510430,
        "period": "2019A",
        "fPeriodEndDate": 43646,
        "curCode": "AUD"
      }
    ]
  },
  {
    "symbol": "WMI",
    "displayName": "WAM MICROCAP LIMITED",
    "industry": "Not Applic",
    "dateListed": "2017-06-28",
    "marketCap": 337761943,
    "xid": "415451432",
    "priceChangeFiveDayPercent": 0.6250000000000006,
    "isRecentListing": false,
    "priceAsk": 1.61,
    "priceBid": 1.6,
    "priceChange": -0.004999999999999893,
    "priceChangePercent": -0.30959752321980766,
    "priceLast": 1.61,
    "securityType": 1,
    "volume": 143633,
    "upcomingEventName": "AGM",
    "statusCode": "CD",
    "isin": "AU000000WMI5",
    "priceClose": 1.615,
    "priceDayHigh": 1.62,
    "priceDayLow": 1.585,
    "priceFiftyTwoWeekHigh": 2.19,
    "priceFiftyTwoWeekLow": 1.435,
    "volumeAverage": 138671.56383,
    "dateExDate": "2022-10-04",
    "datePayDate": "2022-10-17",
    "dateRecordDate": "2022-10-05",
    "dividend": 0.05,
    "dividendType": "F",
    "frankingPercent": 100,
    "cashFlow": -7.28068,
    "earningsPerShare": -0.17229,
    "freeCashFlowYield": -0.0000100000010000001,
    "priceEarningsRatio": -99999.99,
    "priceToCash": -99999.99,
    "foreignExempt": false,
    "shareDescription": "Ordinary Fully Paid",
    "numOfShares": 209140522,
    "yieldAnnual": 0,
    "incomeStatement": [
      {
        "revenue": -49124790,
        "netIncome": -36095190,
        "period": "2022A",
        "fPeriodEndDate": 44742,
        "curCode": "AUD"
      },
      {
        "revenue": 119442260,
        "netIncome": 76098600,
        "period": "2021A",
        "fPeriodEndDate": 44377,
        "curCode": "AUD"
      },
      {
        "revenue": 21874220,
        "netIncome": 11327780,
        "period": "2020A",
        "fPeriodEndDate": 44012,
        "curCode": "AUD"
      },
      {
        "revenue": 12989370,
        "netIncome": 7026570,
        "period": "2019A",
        "fPeriodEndDate": 43646,
        "curCode": "AUD"
      }
    ]
  },
  {
    "symbol": "WAX",
    "displayName": "WAM RESEARCH LIMITED",
    "industry": "Not Applic",
    "dateListed": "2003-08-19",
    "marketCap": 283195408,
    "xid": "285475",
    "priceChangeFiveDayPercent": -2.097902097902084,
    "isRecentListing": false,
    "priceAsk": 1.415,
    "priceBid": 1.4000000000000001,
    "priceChange": -0.029999999999999805,
    "priceChangePercent": -2.097902097902084,
    "priceLast": 1.4000000000000001,
    "securityType": 1,
    "volume": 168889,
    "upcomingEventName": "AGM",
    "statusCode": "CD",
    "isin": "AU000000WAX9",
    "priceClose": 1.43,
    "priceDayHigh": 1.43,
    "priceDayLow": 1.4000000000000001,
    "priceFiftyTwoWeekHigh": 1.81,
    "priceFiftyTwoWeekLow": 1.23,
    "volumeAverage": 122966.957447,
    "dateExDate": "2022-10-04",
    "datePayDate": "2022-10-17",
    "dateRecordDate": "2022-10-05",
    "dividend": 0.05,
    "dividendType": "F",
    "frankingPercent": 100,
    "cashFlow": 28.79255,
    "earningsPerShare": -0.10463,
    "freeCashFlowYield": -0.0000100000010000001,
    "priceEarningsRatio": -99999.99,
    "priceToCash": -99999.99,
    "foreignExempt": false,
    "shareDescription": "Ordinary Fully Paid",
    "numOfShares": 198038747,
    "yieldAnnual": 7.142857142857142,
    "incomeStatement": [
      {
        "revenue": 4221430,
        "netIncome": -20698660,
        "period": "2022A",
        "fPeriodEndDate": 44742,
        "curCode": "AUD"
      },
      {
        "revenue": 3930690,
        "netIncome": 52288040,
        "period": "2021A",
        "fPeriodEndDate": 44377,
        "curCode": "AUD"
      },
      {
        "revenue": 5035070,
        "netIncome": -7835980,
        "period": "2020A",
        "fPeriodEndDate": 44012,
        "curCode": "AUD"
      },
      {
        "revenue": 6508700,
        "netIncome": 1611940,
        "period": "2019A",
        "fPeriodEndDate": 43646,
        "curCode": "AUD"
      }
    ]
  },
  {
    "symbol": "WAR",
    "displayName": "WAM STRATEGIC VALUE LIMITED",
    "industry": "Not Applic",
    "dateListed": "2021-06-28",
    "marketCap": 181927019,
    "xid": "662282681",
    "priceChangeFiveDayPercent": -2.4509803921568647,
    "isRecentListing": false,
    "priceAsk": 1.01,
    "priceBid": 1,
    "priceChange": -0.015000000000000013,
    "priceChangePercent": -1.4851485148514865,
    "priceLast": 0.995,
    "securityType": 1,
    "volume": 165216,
    "upcomingEventName": "AGM",
    "statusCode": "CD",
    "isin": "AU0000155707",
    "priceClose": 1.01,
    "priceDayHigh": 1.0050000000000001,
    "priceDayLow": 0.99,
    "priceFiftyTwoWeekHigh": 1.26,
    "priceFiftyTwoWeekLow": 0.96,
    "volumeAverage": 176995.585106,
    "dateExDate": "2022-10-03",
    "datePayDate": "2022-10-28",
    "dateRecordDate": "2022-10-04",
    "dividend": 0.02,
    "dividendType": "F",
    "frankingPercent": 100,
    "foreignExempt": false,
    "shareDescription": "Ordinary Fully Paid",
    "numOfShares": 180125761,
    "yieldAnnual": 0,
    "incomeStatement": []
  },
  {
    "symbol": "WQG",
    "displayName": "WCM GLOBAL GROWTH LIMITED",
    "industry": "Not Applic",
    "dateListed": "2017-06-23",
    "marketCap": 218539255,
    "xid": "409596669",
    "priceChangeFiveDayPercent": -2.083333333333326,
    "isRecentListing": false,
    "priceAsk": 1.175,
    "priceBid": 1.17,
    "priceChange": 0,
    "priceChangePercent": 0,
    "priceLast": 1.175,
    "securityType": 1,
    "volume": 169976,
    "statusCode": "XD",
    "isin": "AU0000017071",
    "priceClose": 1.175,
    "priceDayHigh": 1.175,
    "priceDayLow": 1.175,
    "priceFiftyTwoWeekHigh": 1.745,
    "priceFiftyTwoWeekLow": 1.05,
    "volumeAverage": 121346.670213,
    "dateExDate": "2022-09-15",
    "datePayDate": "2022-09-30",
    "dateRecordDate": "2022-09-16",
    "dividend": 0.03,
    "dividendType": "F",
    "frankingPercent": 100,
    "cashFlow": -12.411,
    "earningsPerShare": -0.25297,
    "freeCashFlowYield": -0.0000100000010000001,
    "priceEarningsRatio": -99999.99,
    "priceToCash": -99999.99,
    "foreignExempt": false,
    "shareDescription": "Ordinary Fully Paid",
    "numOfShares": 185990855,
    "yieldAnnual": 0,
    "incomeStatement": [
      {
        "revenue": -63533000,
        "netIncome": -48065000,
        "period": "2022A",
        "fPeriodEndDate": 44742,
        "curCode": "AUD"
      },
      {
        "revenue": 73390000,
        "netIncome": 48409000,
        "period": "2021A",
        "fPeriodEndDate": 44377,
        "curCode": "AUD"
      },
      {
        "revenue": 41634000,
        "netIncome": 24606000,
        "period": "2020A",
        "fPeriodEndDate": 44012,
        "curCode": "AUD"
      },
      {
        "revenue": 29480000,
        "netIncome": 16986000,
        "period": "2019A",
        "fPeriodEndDate": 43646,
        "curCode": "AUD"
      }
    ]
  },
  {
    "symbol": "WLS",
    "displayName": "WCM GLOBAL LONG SHORT LIMITED",
    "industry": "Not Applic",
    "dateListed": "2015-08-14",
    "marketCap": 22838530,
    "xid": "294777983",
    "priceChangeFiveDayPercent": -0.8264462809917363,
    "isRecentListing": false,
    "priceAsk": 0.6,
    "priceBid": 0.595,
    "priceChange": 0,
    "priceChangePercent": 0,
    "priceLast": 0.6,
    "securityType": 1,
    "volume": 13986,
    "statusCode": "",
    "isin": "AU0000164915",
    "priceClose": 0.6,
    "priceDayHigh": 0.6,
    "priceDayLow": 0.6,
    "priceFiftyTwoWeekHigh": 0.77,
    "priceFiftyTwoWeekLow": 0.53,
    "volumeAverage": 47401.75,
    "dateExDate": "2020-05-26",
    "datePayDate": "2020-06-09",
    "dateRecordDate": "2020-05-27",
    "dividend": 0.0096,
    "dividendType": "I",
    "frankingPercent": 100,
    "cashFlow": 28.671,
    "earningsPerShare": -0.07879,
    "freeCashFlowYield": -0.0000100000010000001,
    "priceEarningsRatio": -99999.99,
    "priceToCash": -99999.99,
    "foreignExempt": false,
    "shareDescription": "Ordinary Fully Paid",
    "numOfShares": 38064216,
    "yieldAnnual": 0,
    "incomeStatement": [
      {
        "revenue": 0,
        "netIncome": -2999000,
        "period": "2022A",
        "fPeriodEndDate": 44742,
        "curCode": "AUD"
      },
      {
        "revenue": 616000,
        "netIncome": 3813000,
        "period": "2021A",
        "fPeriodEndDate": 44377,
        "curCode": "AUD"
      },
      {
        "revenue": 5176000,
        "netIncome": -14154000,
        "period": "2020A",
        "fPeriodEndDate": 44012,
        "curCode": "AUD"
      },
      {
        "revenue": 5278000,
        "netIncome": 3340000,
        "period": "2019A",
        "fPeriodEndDate": 43646,
        "curCode": "AUD"
      }
    ]
  },
  {
    "symbol": "WHF",
    "displayName": "WHITEFIELD INDUSTRIALS LIMITED",
    "industry": "Not Applic",
    "dateListed": "1971-08-02",
    "marketCap": 597726661,
    "xid": "285230",
    "priceChangeFiveDayPercent": 1.1320754716981227,
    "isRecentListing": false,
    "priceAsk": 5.42,
    "priceBid": 5.37,
    "priceChange": -0.009999999999999787,
    "priceChangePercent": -0.18621973929236102,
    "priceLast": 5.36,
    "securityType": 1,
    "volume": 22425,
    "statusCode": "",
    "isin": "AU000000WHF1",
    "priceClose": 5.37,
    "priceDayHigh": 5.41,
    "priceDayLow": 5.28,
    "priceFiftyTwoWeekHigh": 5.9,
    "priceFiftyTwoWeekLow": 4.97,
    "volumeAverage": 32532.617021,
    "dateExDate": "2022-05-27",
    "datePayDate": "2022-06-14",
    "dateRecordDate": "2022-05-30",
    "dividend": 0.1025,
    "dividendType": "F",
    "frankingPercent": 100,
    "cashFlow": -5.05182,
    "earningsPerShare": 0.15872,
    "freeCashFlowYield": -0.0000100000010000001,
    "priceEarningsRatio": 33.83317,
    "priceToCash": -99999.99,
    "foreignExempt": false,
    "shareDescription": "Ordinary Fully Paid",
    "numOfShares": 111308503,
    "yieldAnnual": 3.824626865671642,
    "incomeStatement": [
      {
        "revenue": 19823070,
        "netIncome": 16792450,
        "period": "2022A",
        "fPeriodEndDate": 44651,
        "curCode": "AUD"
      },
      {
        "revenue": 12725530,
        "netIncome": 9817520,
        "period": "2021A",
        "fPeriodEndDate": 44286,
        "curCode": "AUD"
      },
      {
        "revenue": 21071790,
        "netIncome": 17660980,
        "period": "2020A",
        "fPeriodEndDate": 43921,
        "curCode": "AUD"
      },
      {
        "revenue": 21653620,
        "netIncome": 19406160,
        "period": "2019A",
        "fPeriodEndDate": 43555,
        "curCode": "AUD"
      }
    ]
  },
  {
    "symbol": "ZER",
    "displayName": "ZETA RESOURCES LIMITED",
    "industry": "Not Applic",
    "dateListed": "2013-06-12",
    "marketCap": 163770727,
    "xid": "57896873",
    "priceChangeFiveDayPercent": 0,
    "isRecentListing": false,
    "priceAsk": 0.3,
    "priceBid": 0.29,
    "priceChange": 0,
    "priceChangePercent": 0,
    "priceLast": 0.29,
    "securityType": 1,
    "volume": 27000,
    "statusCode": "",
    "isin": "BMG9895P1068",
    "priceClose": 0.29,
    "priceDayHigh": 0.29,
    "priceDayLow": 0.29,
    "priceFiftyTwoWeekHigh": 0.485,
    "priceFiftyTwoWeekLow": 0.26,
    "volumeAverage": 32689.596154,
    "cashFlow": -11.08757,
    "earningsPerShare": -0.18014,
    "freeCashFlowYield": -0.0000100000010000001,
    "priceEarningsRatio": -99999.99,
    "priceToCash": -99999.99,
    "foreignExempt": false,
    "shareDescription": "Ordinary Fully Paid",
    "numOfShares": 564726645,
    "yieldAnnual": 0,
    "incomeStatement": [
      {
        "revenue": -66338210,
        "netIncome": -68542960,
        "period": "2022A",
        "fPeriodEndDate": 44742,
        "curCode": "USD"
      },
      {
        "revenue": 136992190,
        "netIncome": 114670080,
        "period": "2021A",
        "fPeriodEndDate": 44377,
        "curCode": "USD"
      },
      {
        "revenue": -11104190,
        "netIncome": -22367830,
        "period": "2020A",
        "fPeriodEndDate": 44012,
        "curCode": "USD"
      },
      {
        "revenue": -44833970,
        "netIncome": -48687360,
        "period": "2019A",
        "fPeriodEndDate": 43646,
        "curCode": "USD"
      }
    ]
  }
]