[
  {
    "symbol": "1ST",
    "displayName": "1ST GROUP LIMITED",
    "industry": "Health Care Equipment & Services",
    "dateListed": "2015-06-09",
    "marketCap": -1,
    "xid": "274180515",
    "priceChangeFiveDayPercent": 0,
    "isRecentListing": false,
    "priceChange": 0,
    "priceChangePercent": 0,
    "priceLast": 0.009000000000000001,
    "sector": "Health Care",
    "industryGroup": "Health Care Equipment & Services",
    "securityType": 1,
    "volume": 0,
    "statusCode": "",
    "isin": "AU0000001ST0",
    "priceClose": 0.009000000000000001,
    "priceFiftyTwoWeekHigh": 0.015,
    "priceFiftyTwoWeekLow": 0.003,
    "volumeAverage": 303073.185185,
    "cashFlow": -2.8188,
    "earningsPerShare": -0.01258,
    "freeCashFlowYield": -0.0000100000010000001,
    "priceEarningsRatio": -99999.99,
    "priceToCash": -99999.99,
    "foreignExempt": false,
    "shareDescription": "Ordinary Fully Paid",
    "numOfShares": 1288173816,
    "yieldAnnual": 0,
    "incomeStatement": [
      {
        "revenue": 4829060,
        "netIncome": -6821940,
        "period": "2022A",
        "fPeriodEndDate": 44742,
        "curCode": "AUD"
      },
      {
        "revenue": 5382650,
        "netIncome": -6468710,
        "period": "2021A",
        "fPeriodEndDate": 44377,
        "curCode": "AUD"
      },
      {
        "revenue": 4848910,
        "netIncome": -5007040,
        "period": "2020A",
        "fPeriodEndDate": 44012,
        "curCode": "AUD"
      },
      {
        "revenue": 3950800,
        "netIncome": -4304090,
        "period": "2019A",
        "fPeriodEndDate": 43646,
        "curCode": "AUD"
      }
    ]
  },
  {
    "symbol": "4DX",
    "displayName": "4DMEDICAL LIMITED",
    "industry": "Health Care Equipment & Services",
    "dateListed": "2020-08-07",
    "marketCap": 126631490,
    "xid": "608309060",
    "priceChangeFiveDayPercent": 1.3539305178355568e-14,
    "isRecentListing": false,
    "priceAsk": 0.425,
    "priceBid": 0.41000000000000003,
    "priceChange": -0.019999999999999962,
    "priceChangePercent": -4.651162790697666,
    "priceLast": 0.41000000000000003,
    "sector": "Health Care",
    "industryGroup": "Health Care Equipment & Services",
    "securityType": 1,
    "volume": 386377,
    "statusCode": "",
    "isin": "AU0000095416",
    "priceClose": 0.43,
    "priceDayHigh": 0.435,
    "priceDayLow": 0.41000000000000003,
    "priceFiftyTwoWeekHigh": 1.405,
    "priceFiftyTwoWeekLow": 0.32,
    "volumeAverage": 403415.271739,
    "cashFlow": -28.77006,
    "earningsPerShare": -0.08351,
    "freeCashFlowYield": -0.0000100000010000001,
    "priceEarningsRatio": -99999.99,
    "priceToCash": -99999.99,
    "foreignExempt": false,
    "shareDescription": "Ordinary Fully Paid",
    "numOfShares": 294491837,
    "yieldAnnual": 0,
    "incomeStatement": [
      {
        "revenue": 1054300,
        "netIncome": -24592880,
        "period": "2022A",
        "fPeriodEndDate": 44742,
        "curCode": "AUD"
      },
      {
        "revenue": 216980,
        "netIncome": -21420530,
        "period": "2021A",
        "fPeriodEndDate": 44377,
        "curCode": "AUD"
      },
      {
        "revenue": 1232500,
        "netIncome": -21975380,
        "period": "2020A",
        "fPeriodEndDate": 44012,
        "curCode": "AUD"
      },
      {
        "revenue": 695000,
        "netIncome": -6491010,
        "period": "2019A",
        "fPeriodEndDate": 43646,
        "curCode": "AUD"
      }
    ]
  },
  {
    "symbol": "ADR",
    "displayName": "ADHERIUM LIMITED",
    "industry": "Health Care Equipment & Services",
    "dateListed": "2015-08-26",
    "marketCap": 19917753,
    "xid": "296963794",
    "priceChangeFiveDayPercent": -20,
    "isRecentListing": false,
    "priceAsk": 0.005,
    "priceBid": 0.004,
    "priceChange": 0,
    "priceChangePercent": 0,
    "priceLast": 0.004,
    "sector": "Health Care",
    "industryGroup": "Health Care Equipment & Services",
    "securityType": 1,
    "volume": 2000000,
    "statusCode": "",
    "isin": "AU000000ADR1",
    "priceClose": 0.004,
    "priceDayHigh": 0.004,
    "priceDayLow": 0.004,
    "priceFiftyTwoWeekHigh": 0.016,
    "priceFiftyTwoWeekLow": 0.004,
    "volumeAverage": 1960675.392857,
    "cashFlow": -9.889,
    "earningsPerShare": -0.00462,
    "freeCashFlowYield": -0.0000100000010000001,
    "priceEarningsRatio": -99999.99,
    "priceToCash": -99999.99,
    "foreignExempt": false,
    "shareDescription": "Ordinary Fully Paid",
    "numOfShares": 4979438276,
    "yieldAnnual": 0,
    "incomeStatement": [
      {
        "revenue": 3336000,
        "netIncome": -10044000,
        "period": "2022A",
        "fPeriodEndDate": 44742,
        "curCode": "AUD"
      },
      {
        "revenue": 771000,
        "netIncome": -15036000,
        "period": "2021A",
        "fPeriodEndDate": 44377,
        "curCode": "AUD"
      },
      {
        "revenue": 2233000,
        "netIncome": -11397000,
        "period": "2020A",
        "fPeriodEndDate": 44012,
        "curCode": "AUD"
      },
      {
        "revenue": 2850000,
        "netIncome": -11794000,
        "period": "2019A",
        "fPeriodEndDate": 43646,
        "curCode": "AUD"
      }
    ]
  },
  {
    "symbol": "ALC",
    "displayName": "ALCIDION GROUP LIMITED",
    "industry": "Health Care Equipment & Services",
    "dateListed": "2011-06-24",
    "marketCap": 196550703,
    "xid": "34266634",
    "priceChangeFiveDayPercent": -6.250000000000005,
    "isRecentListing": false,
    "priceAsk": 0.155,
    "priceBid": 0.15,
    "priceChange": -0.0050000000000000044,
    "priceChangePercent": -3.225806451612906,
    "priceLast": 0.15,
    "sector": "Health Care",
    "industryGroup": "Health Care Equipment & Services",
    "securityType": 1,
    "volume": 182532,
    "statusCode": "",
    "isin": "AU000000ALC6",
    "priceClose": 0.155,
    "priceDayHigh": 0.155,
    "priceDayLow": 0.15,
    "priceFiftyTwoWeekHigh": 0.295,
    "priceFiftyTwoWeekLow": 0.1,
    "volumeAverage": 1055118.543478,
    "cashFlow": 0.685,
    "earningsPerShare": -0.00437,
    "freeCashFlowYield": -0.0000100000010000001,
    "priceEarningsRatio": -99999.99,
    "priceToCash": -99999.99,
    "foreignExempt": false,
    "shareDescription": "Ordinary Fully Paid",
    "numOfShares": 1268069053,
    "yieldAnnual": 0,
    "incomeStatement": [
      {
        "revenue": 34355000,
        "netIncome": -4412000,
        "period": "2022A",
        "fPeriodEndDate": 44742,
        "curCode": "AUD"
      },
      {
        "revenue": 25882000,
        "netIncome": -2244000,
        "period": "2021A",
        "fPeriodEndDate": 44377,
        "curCode": "AUD"
      },
      {
        "revenue": 18608280,
        "netIncome": -3076600,
        "period": "2020A",
        "fPeriodEndDate": 44012,
        "curCode": "AUD"
      },
      {
        "revenue": 16864320,
        "netIncome": -84170,
        "period": "2019A",
        "fPeriodEndDate": 43646,
        "curCode": "AUD"
      }
    ]
  },
  {
    "symbol": "AMT",
    "displayName": "ALLEGRA ORTHOPAEDICS LIMITED",
    "industry": "Health Care Equipment & Services",
    "dateListed": "2007-12-05",
    "marketCap": 10968216,
    "xid": "9222812",
    "priceChangeFiveDayPercent": 0,
    "isRecentListing": false,
    "priceAsk": 0.105,
    "priceChange": 0,
    "priceChangePercent": 0,
    "priceLast": 0.105,
    "sector": "Health Care",
    "industryGroup": "Health Care Equipment & Services",
    "securityType": 1,
    "volume": 0,
    "statusCode": "",
    "isin": "AU000000AMT8",
    "priceClose": 0.105,
    "priceFiftyTwoWeekHigh": 0.19,
    "priceFiftyTwoWeekLow": 0.092,
    "volumeAverage": 23333.875,
    "cashFlow": -1.96752,
    "earningsPerShare": -0.02427,
    "freeCashFlowYield": -0.0000100000010000001,
    "priceEarningsRatio": -99999.99,
    "priceToCash": -99999.99,
    "foreignExempt": false,
    "shareDescription": "Ordinary Fully Paid",
    "numOfShares": 104459203,
    "yieldAnnual": 0,
    "incomeStatement": [
      {
        "revenue": 2932850,
        "netIncome": -2535330,
        "period": "2022A",
        "fPeriodEndDate": 44742,
        "curCode": "AUD"
      },
      {
        "revenue": 4501750,
        "netIncome": -578850,
        "period": "2021A",
        "fPeriodEndDate": 44377,
        "curCode": "AUD"
      },
      {
        "revenue": 5015850,
        "netIncome": -1165380,
        "period": "2020A",
        "fPeriodEndDate": 44012,
        "curCode": "AUD"
      },
      {
        "revenue": 3998100,
        "netIncome": -835510,
        "period": "2019A",
        "fPeriodEndDate": 43646,
        "curCode": "AUD"
      }
    ]
  },
  {
    "symbol": "ALT",
    "displayName": "ANALYTICA LIMITED",
    "industry": "Health Care Equipment & Services",
    "dateListed": "2000-10-25",
    "marketCap": 4613801,
    "xid": "43672",
    "priceChangeFiveDayPercent": 0,
    "isRecentListing": false,
    "priceAsk": 0.001,
    "priceChange": 0,
    "priceChangePercent": 0,
    "priceLast": 0.001,
    "sector": "Health Care",
    "industryGroup": "Health Care Equipment & Services",
    "securityType": 1,
    "volume": 0,
    "statusCode": "",
    "isin": "AU000000ALT0",
    "priceClose": 0.001,
    "priceFiftyTwoWeekHigh": 0.003,
    "priceFiftyTwoWeekLow": 0.001,
    "volumeAverage": 3998084,
    "cashFlow": -2.31107,
    "earningsPerShare": -0.0005,
    "freeCashFlowYield": -0.0000100000010000001,
    "priceEarningsRatio": -99999.99,
    "priceToCash": -99999.99,
    "foreignExempt": false,
    "shareDescription": "Ordinary Fully Paid",
    "numOfShares": 4613801129,
    "yieldAnnual": 0,
    "incomeStatement": [
      {
        "revenue": 286980,
        "netIncome": -2238550,
        "period": "2022A",
        "fPeriodEndDate": 44742,
        "curCode": "AUD"
      },
      {
        "revenue": 801650,
        "netIncome": -1507410,
        "period": "2021A",
        "fPeriodEndDate": 44377,
        "curCode": "AUD"
      },
      {
        "revenue": 809920,
        "netIncome": -1620160,
        "period": "2020A",
        "fPeriodEndDate": 44012,
        "curCode": "AUD"
      },
      {
        "revenue": 829560,
        "netIncome": -2054170,
        "period": "2019A",
        "fPeriodEndDate": 43646,
        "curCode": "AUD"
      }
    ]
  },
  {
    "symbol": "ANN",
    "displayName": "ANSELL LIMITED",
    "industry": "Health Care Equipment & Services",
    "dateListed": "1985-08-22",
    "marketCap": 3628189144,
    "xid": "45809",
    "priceChangeFiveDayPercent": 0.4922644163150512,
    "isRecentListing": false,
    "priceAsk": 28.79,
    "priceBid": 28.400000000000002,
    "priceChange": 0.05000000000000071,
    "priceChangePercent": 0.17525411847178657,
    "priceLast": 28.580000000000002,
    "sector": "Health Care",
    "industryGroup": "Health Care Equipment & Services",
    "securityType": 1,
    "volume": 259167,
    "statusCode": "",
    "isin": "AU000000ANN9",
    "priceClose": 28.53,
    "priceDayHigh": 28.84,
    "priceDayLow": 28.51,
    "priceFiftyTwoWeekHigh": 34.47,
    "priceFiftyTwoWeekLow": 21.11,
    "volumeAverage": 437358.130435,
    "dateExDate": "2022-08-29",
    "datePayDate": "2022-09-15",
    "dateRecordDate": "2022-08-30",
    "dividend": 0.4518,
    "dividendType": "F",
    "frankingPercent": 0,
    "cashFlow": 100.3707,
    "earningsPerShare": 1.83575,
    "freeCashFlowYield": 0.09198430379839985,
    "priceEarningsRatio": 15.54137,
    "priceToCash": 10.87142,
    "foreignExempt": false,
    "shareDescription": "Ordinary Fully Paid",
    "numOfShares": 127171018,
    "yieldAnnual": 2.758922323303009,
    "incomeStatement": [
      {
        "revenue": 1952100000,
        "netIncome": 158700000,
        "period": "2022A",
        "fPeriodEndDate": 44742,
        "curCode": "USD"
      },
      {
        "revenue": 2026900000,
        "netIncome": 246700000,
        "period": "2021A",
        "fPeriodEndDate": 44377,
        "curCode": "USD"
      },
      {
        "revenue": 1613700000,
        "netIncome": 158700000,
        "period": "2020A",
        "fPeriodEndDate": 44012,
        "curCode": "USD"
      },
      {
        "revenue": 1499000000,
        "netIncome": 111700000,
        "period": "2019A",
        "fPeriodEndDate": 43646,
        "curCode": "USD"
      }
    ]
  },
  {
    "symbol": "AVR",
    "displayName": "ANTERIS TECHNOLOGIES LTD",
    "industry": "Health Care Equipment & Services",
    "dateListed": "2004-03-24",
    "marketCap": 318770177,
    "xid": "64270",
    "priceChangeFiveDayPercent": -0.5620406398616472,
    "isRecentListing": false,
    "priceAsk": 23,
    "priceBid": 22.87,
    "priceChange": 0.07000000000000028,
    "priceChangePercent": 0.3052769297863074,
    "priceLast": 23,
    "sector": "Health Care",
    "industryGroup": "Health Care Equipment & Services",
    "securityType": 1,
    "volume": 10135,
    "statusCode": "",
    "isin": "AU0000088841",
    "priceClose": 22.93,
    "priceDayHigh": 23.5,
    "priceDayLow": 22.935,
    "priceFiftyTwoWeekHigh": 30.89,
    "priceFiftyTwoWeekLow": 8,
    "volumeAverage": 15381.086957,
    "cashFlow": -34.16833,
    "earningsPerShare": -3.24968,
    "freeCashFlowYield": -0.0000100000010000001,
    "priceEarningsRatio": -99999.99,
    "priceToCash": -99999.99,
    "foreignExempt": false,
    "shareDescription": "Ordinary Fully Paid",
    "numOfShares": 13901883,
    "yieldAnnual": 0,
    "incomeStatement": [
      {
        "revenue": 9266200,
        "netIncome": -22907030,
        "period": "2021A",
        "fPeriodEndDate": 44561,
        "curCode": "AUD"
      },
      {
        "revenue": 9566680,
        "netIncome": -15274530,
        "period": "2020A",
        "fPeriodEndDate": 44196,
        "curCode": "AUD"
      },
      {
        "revenue": 17151410,
        "netIncome": -5819670,
        "period": "2019A",
        "fPeriodEndDate": 43830,
        "curCode": "AUD"
      },
      {
        "revenue": 25712040,
        "netIncome": -24217170,
        "period": "2018A",
        "fPeriodEndDate": 43465,
        "curCode": "AUD"
      }
    ]
  },
  {
    "symbol": "AHX",
    "displayName": "APIAM ANIMAL HEALTH LIMITED",
    "industry": "Health Care Equipment & Services",
    "dateListed": "2015-12-15",
    "marketCap": 116181181,
    "xid": "320390670",
    "priceChangeFiveDayPercent": 0,
    "isRecentListing": false,
    "priceAsk": 0.67,
    "priceBid": 0.66,
    "priceChange": 0.010000000000000009,
    "priceChangePercent": 1.5151515151515165,
    "priceLast": 0.67,
    "sector": "Health Care",
    "industryGroup": "Health Care Equipment & Services",
    "securityType": 1,
    "volume": 6372,
    "statusCode": "",
    "isin": "AU000000AHX0",
    "priceClose": 0.66,
    "priceDayHigh": 0.67,
    "priceDayLow": 0.67,
    "priceFiftyTwoWeekHigh": 0.89571,
    "priceFiftyTwoWeekLow": 0.63,
    "volumeAverage": 100944.02439,
    "dateExDate": "2022-09-21",
    "datePayDate": "2022-10-21",
    "dateRecordDate": "2022-09-23",
    "dividend": 0.004,
    "dividendType": "F",
    "frankingPercent": 100,
    "cashFlow": 7.818,
    "earningsPerShare": 0.03351,
    "freeCashFlowYield": 0.111016253889732,
    "priceEarningsRatio": 19.69561,
    "priceToCash": 9.00769,
    "foreignExempt": false,
    "shareDescription": "Ordinary Fully Paid",
    "numOfShares": 176032093,
    "yieldAnnual": 2.388059701492537,
    "incomeStatement": [
      {
        "revenue": 157057000,
        "netIncome": 4639000,
        "period": "2022A",
        "fPeriodEndDate": 44742,
        "curCode": "AUD"
      },
      {
        "revenue": 126181000,
        "netIncome": 5036000,
        "period": "2021A",
        "fPeriodEndDate": 44377,
        "curCode": "AUD"
      },
      {
        "revenue": 118335000,
        "netIncome": 4095000,
        "period": "2020A",
        "fPeriodEndDate": 44012,
        "curCode": "AUD"
      },
      {
        "revenue": 111720000,
        "netIncome": 3165000,
        "period": "2019A",
        "fPeriodEndDate": 43646,
        "curCode": "AUD"
      }
    ]
  },
  {
    "symbol": "AYA",
    "displayName": "ARTRYA LIMITED",
    "industry": "Health Care Equipment & Services",
    "dateListed": "2021-11-26",
    "marketCap": 31361597,
    "xid": "686439244",
    "priceChangeFiveDayPercent": -21.111111111111118,
    "isRecentListing": false,
    "priceAsk": 0.38,
    "priceBid": 0.35000000000000003,
    "priceChange": -0.04500000000000004,
    "priceChangePercent": -11.250000000000009,
    "priceLast": 0.355,
    "sector": "Health Care",
    "industryGroup": "Health Care Equipment & Services",
    "securityType": 1,
    "volume": 32364,
    "statusCode": "",
    "isin": "AU0000182412",
    "priceClose": 0.4,
    "priceDayHigh": 0.41000000000000003,
    "priceDayLow": 0.355,
    "priceFiftyTwoWeekHigh": 1.36,
    "priceFiftyTwoWeekLow": 0.32,
    "volumeAverage": 32441.316456,
    "cashFlow": -16.031,
    "earningsPerShare": -0.27918,
    "freeCashFlowYield": -0.0000100000010000001,
    "priceEarningsRatio": -99999.99,
    "priceToCash": -99999.99,
    "foreignExempt": false,
    "shareDescription": "Ordinary Fully Paid",
    "numOfShares": 78403993,
    "yieldAnnual": 0,
    "incomeStatement": [
      {
        "revenue": 0,
        "netIncome": -17155000,
        "period": "2022A",
        "fPeriodEndDate": 44742,
        "curCode": "AUD"
      },
      {
        "revenue": 0,
        "netIncome": -4079770,
        "period": "2021A",
        "fPeriodEndDate": 44377,
        "curCode": "AUD"
      },
      {
        "revenue": 0,
        "netIncome": -1353900,
        "period": "2020A",
        "fPeriodEndDate": 44012,
        "curCode": "AUD"
      },
      {
        "revenue": 0,
        "netIncome": -145670,
        "period": "2019A",
        "fPeriodEndDate": 43646,
        "curCode": "AUD"
      }
    ]
  },
  {
    "symbol": "AJJ",
    "displayName": "ASIAN AMERICAN MEDICAL GROUP LIMITED",
    "industry": "Health Care Equipment & Services",
    "dateListed": "2007-03-19",
    "marketCap": -1,
    "xid": "5947356",
    "priceChangeFiveDayPercent": 0,
    "isRecentListing": false,
    "priceChange": 0,
    "priceChangePercent": 0,
    "priceLast": 0.038,
    "sector": "Health Care",
    "industryGroup": "Health Care Equipment & Services",
    "securityType": 1,
    "volume": 0,
    "statusCode": "",
    "isin": "AU000000AJJ5",
    "priceClose": 0.038,
    "priceFiftyTwoWeekHigh": 0.038,
    "priceFiftyTwoWeekLow": 0.038,
    "dateExDate": "2013-12-05",
    "datePayDate": "2013-12-20",
    "dateRecordDate": "2013-12-11",
    "dividend": 0.001,
    "dividendType": "F",
    "frankingPercent": 0,
    "cashFlow": -1.06251,
    "earningsPerShare": -99999.99,
    "freeCashFlowYield": -0.0000100000010000001,
    "priceEarningsRatio": -99999.99,
    "priceToCash": -99999.99,
    "foreignExempt": false,
    "shareDescription": "Ordinary Fully Paid",
    "numOfShares": 382528029,
    "yieldAnnual": 0,
    "incomeStatement": [
      {
        "revenue": 807570,
        "netIncome": -790500,
        "period": "2022A",
        "fPeriodEndDate": 44804,
        "curCode": "SGD"
      },
      {
        "revenue": 1241610,
        "netIncome": -5861640,
        "period": "2021A",
        "fPeriodEndDate": 44439,
        "curCode": "SGD"
      },
      {
        "revenue": 4819520,
        "netIncome": -2455560,
        "period": "2020A",
        "fPeriodEndDate": 44074,
        "curCode": "SGD"
      },
      {
        "revenue": 7671400,
        "netIncome": -2051310,
        "period": "2019A",
        "fPeriodEndDate": 43708,
        "curCode": "SGD"
      }
    ]
  },
  {
    "symbol": "AT1",
    "displayName": "ATOMO DIAGNOSTICS LIMITED",
    "industry": "Health Care Equipment & Services",
    "dateListed": "2020-04-16",
    "marketCap": 30828114,
    "xid": "583331349",
    "priceChangeFiveDayPercent": -3.5714285714285747,
    "isRecentListing": false,
    "priceAsk": 0.055,
    "priceBid": 0.053,
    "priceChange": 0,
    "priceChangePercent": 0,
    "priceLast": 0.054,
    "sector": "Health Care",
    "industryGroup": "Health Care Equipment & Services",
    "securityType": 1,
    "volume": 158819,
    "statusCode": "",
    "isin": "AU0000080327",
    "priceClose": 0.054,
    "priceDayHigh": 0.054,
    "priceDayLow": 0.053,
    "priceFiftyTwoWeekHigh": 0.33,
    "priceFiftyTwoWeekLow": 0.053,
    "volumeAverage": 311721.153846,
    "cashFlow": -5.11214,
    "earningsPerShare": -0.01003,
    "freeCashFlowYield": -0.0000100000010000001,
    "priceEarningsRatio": -99999.99,
    "priceToCash": -99999.99,
    "foreignExempt": false,
    "shareDescription": "Ordinary Fully Paid",
    "numOfShares": 570890991,
    "yieldAnnual": 0,
    "incomeStatement": [
      {
        "revenue": 12336110,
        "netIncome": -5706850,
        "period": "2022A",
        "fPeriodEndDate": 44742,
        "curCode": "AUD"
      },
      {
        "revenue": 6715660,
        "netIncome": -6021220,
        "period": "2021A",
        "fPeriodEndDate": 44377,
        "curCode": "AUD"
      },
      {
        "revenue": 5368700,
        "netIncome": -9218110,
        "period": "2020A",
        "fPeriodEndDate": 44012,
        "curCode": "AUD"
      },
      {
        "revenue": 539740,
        "netIncome": -5055110,
        "period": "2019A",
        "fPeriodEndDate": 43646,
        "curCode": "AUD"
      }
    ]
  },
  {
    "symbol": "AHC",
    "displayName": "AUSTCO HEALTHCARE LIMITED",
    "industry": "Health Care Equipment & Services",
    "dateListed": "2004-09-24",
    "marketCap": 33328994,
    "xid": "272772",
    "priceChangeFiveDayPercent": 0,
    "isRecentListing": false,
    "priceAsk": 0.13,
    "priceBid": 0.11,
    "priceChange": 0.009999999999999995,
    "priceChangePercent": 8.69565217391304,
    "priceLast": 0.125,
    "sector": "Health Care",
    "industryGroup": "Health Care Equipment & Services",
    "securityType": 1,
    "volume": 250766,
    "statusCode": "",
    "isin": "AU0000120818",
    "priceClose": 0.115,
    "priceDayHigh": 0.125,
    "priceDayLow": 0.125,
    "priceFiftyTwoWeekHigh": 0.15,
    "priceFiftyTwoWeekLow": 0.09,
    "volumeAverage": 72833.3125,
    "dateExDate": "2022-09-16",
    "datePayDate": "2022-10-07",
    "dateRecordDate": "2022-09-19",
    "dividend": 0.003,
    "dividendType": "F",
    "frankingPercent": 100,
    "cashFlow": 0.315,
    "earningsPerShare": 0.00813,
    "freeCashFlowYield": 0.11575507614947685,
    "priceEarningsRatio": 14.14514,
    "priceToCash": 8.63893,
    "foreignExempt": false,
    "shareDescription": "Ordinary Fully Paid",
    "numOfShares": 289817343,
    "yieldAnnual": 2.4,
    "incomeStatement": [
      {
        "revenue": 35852000,
        "netIncome": 2328000,
        "period": "2022A",
        "fPeriodEndDate": 44742,
        "curCode": "AUD"
      },
      {
        "revenue": 33179000,
        "netIncome": 3424000,
        "period": "2021A",
        "fPeriodEndDate": 44377,
        "curCode": "AUD"
      },
      {
        "revenue": 33041000,
        "netIncome": 2504000,
        "period": "2020A",
        "fPeriodEndDate": 44012,
        "curCode": "AUD"
      },
      {
        "revenue": 31790000,
        "netIncome": 637000,
        "period": "2019A",
        "fPeriodEndDate": 43646,
        "curCode": "AUD"
      }
    ]
  },
  {
    "symbol": "ACL",
    "displayName": "AUSTRALIAN CLINICAL LABS LIMITED",
    "industry": "Health Care Equipment & Services",
    "dateListed": "2021-05-14",
    "marketCap": 625685447,
    "xid": "656176731",
    "priceChangeFiveDayPercent": -3.797468354430383,
    "isRecentListing": false,
    "priceAsk": 3.1,
    "priceBid": 3.0300000000000002,
    "priceChange": -0.06000000000000005,
    "priceChangePercent": -1.9354838709677435,
    "priceLast": 3.04,
    "sector": "Health Care",
    "industryGroup": "Health Care Equipment & Services",
    "securityType": 1,
    "volume": 1239933,
    "statusCode": "",
    "isin": "AU0000148496",
    "priceClose": 3.1,
    "priceDayHigh": 3.13,
    "priceDayLow": 2.985,
    "priceFiftyTwoWeekHigh": 6.39,
    "priceFiftyTwoWeekLow": 2.985,
    "volumeAverage": 1531883.597826,
    "dateExDate": "2022-08-23",
    "datePayDate": "2022-09-15",
    "dateRecordDate": "2022-08-24",
    "dividend": 0.41,
    "dividendType": "F",
    "frankingPercent": 100,
    "cashFlow": 238.617,
    "earningsPerShare": 0.88411,
    "freeCashFlowYield": 0.45469839855224037,
    "priceEarningsRatio": 3.50635,
    "priceToCash": 2.19926,
    "foreignExempt": false,
    "shareDescription": "Ordinary Fully Paid",
    "numOfShares": 201834015,
    "yieldAnnual": 0,
    "incomeStatement": [
      {
        "revenue": 995604000,
        "netIncome": 178244000,
        "period": "2022A",
        "fPeriodEndDate": 44742,
        "curCode": "AUD"
      },
      {
        "revenue": 646702000,
        "netIncome": 60373000,
        "period": "2021A",
        "fPeriodEndDate": 44377,
        "curCode": "AUD"
      },
      {
        "revenue": 490570000,
        "netIncome": 41255000,
        "period": "2020A",
        "fPeriodEndDate": 44012,
        "curCode": "AUD"
      },
      {
        "revenue": 448455000,
        "netIncome": -10524000,
        "period": "2019A",
        "fPeriodEndDate": 43646,
        "curCode": "AUD"
      }
    ]
  },
  {
    "symbol": "BMT",
    "displayName": "BEAMTREE HOLDINGS LIMITED",
    "industry": "Health Care Equipment & Services",
    "dateListed": "2019-06-06",
    "marketCap": 77091966,
    "xid": "537548373",
    "priceChangeFiveDayPercent": -9.999999999999993,
    "isRecentListing": false,
    "priceAsk": 0.34,
    "priceBid": 0.31,
    "priceChange": 0,
    "priceChangePercent": 0,
    "priceLast": 0.315,
    "sector": "Health Care",
    "industryGroup": "Health Care Equipment & Services",
    "securityType": 1,
    "volume": 17661,
    "statusCode": "",
    "isin": "AU0000170979",
    "priceClose": 0.315,
    "priceDayHigh": 0.315,
    "priceDayLow": 0.315,
    "priceFiftyTwoWeekHigh": 0.5775,
    "priceFiftyTwoWeekLow": 0.185,
    "volumeAverage": 159462.355556,
    "cashFlow": -4.826,
    "earningsPerShare": -0.01849,
    "freeCashFlowYield": -0.0000100000010000001,
    "priceEarningsRatio": -99999.99,
    "priceToCash": -99999.99,
    "foreignExempt": false,
    "shareDescription": "Ordinary Fully Paid",
    "numOfShares": 244736400,
    "yieldAnnual": 0,
    "incomeStatement": [
      {
        "revenue": 16547000,
        "netIncome": -4449000,
        "period": "2022A",
        "fPeriodEndDate": 44742,
        "curCode": "AUD"
      },
      {
        "revenue": 8388480,
        "netIncome": -383620,
        "period": "2021A",
        "fPeriodEndDate": 44377,
        "curCode": "AUD"
      },
      {
        "revenue": 4125620,
        "netIncome": 382900,
        "period": "2020A",
        "fPeriodEndDate": 44012,
        "curCode": "AUD"
      },
      {
        "revenue": 295940,
        "netIncome": -932360,
        "period": "2019A",
        "fPeriodEndDate": 43646,
        "curCode": "AUD"
      }
    ]
  },
  {
    "symbol": "CAJ",
    "displayName": "CAPITOL HEALTH LIMITED",
    "industry": "Health Care Equipment & Services",
    "dateListed": "2006-06-09",
    "marketCap": 334817351,
    "xid": "4905123",
    "priceChangeFiveDayPercent": 0,
    "isRecentListing": false,
    "priceAsk": 0.325,
    "priceBid": 0.315,
    "priceChange": 0.0050000000000000044,
    "priceChangePercent": 1.5873015873015888,
    "priceLast": 0.32,
    "sector": "Health Care",
    "industryGroup": "Health Care Equipment & Services",
    "securityType": 1,
    "volume": 47703,
    "statusCode": "",
    "isin": "AU000000CAJ0",
    "priceClose": 0.315,
    "priceDayHigh": 0.325,
    "priceDayLow": 0.315,
    "priceFiftyTwoWeekHigh": 0.4,
    "priceFiftyTwoWeekLow": 0.265,
    "volumeAverage": 716491.402174,
    "dateExDate": "2022-09-21",
    "datePayDate": "2022-10-21",
    "dateRecordDate": "2022-09-23",
    "dividend": 0.005,
    "dividendType": "F",
    "frankingPercent": 100,
    "cashFlow": 9.304,
    "earningsPerShare": 0.01008,
    "freeCashFlowYield": 0.09565807975970692,
    "priceEarningsRatio": 31.25,
    "priceToCash": 10.4539,
    "foreignExempt": false,
    "shareDescription": "Ordinary Fully Paid",
    "numOfShares": 1062912224,
    "yieldAnnual": 3.125,
    "incomeStatement": [
      {
        "revenue": 184158000,
        "netIncome": 10968000,
        "period": "2022A",
        "fPeriodEndDate": 44742,
        "curCode": "AUD"
      },
      {
        "revenue": 177996000,
        "netIncome": 11919000,
        "period": "2021A",
        "fPeriodEndDate": 44377,
        "curCode": "AUD"
      },
      {
        "revenue": 153791000,
        "netIncome": 865000,
        "period": "2020A",
        "fPeriodEndDate": 44012,
        "curCode": "AUD"
      },
      {
        "revenue": 149238000,
        "netIncome": 24307000,
        "period": "2019A",
        "fPeriodEndDate": 43646,
        "curCode": "AUD"
      }
    ]
  },
  {
    "symbol": "CDX",
    "displayName": "CARDIEX LIMITED",
    "industry": "Health Care Equipment & Services",
    "dateListed": "2005-11-09",
    "marketCap": 45551453,
    "xid": "3554762",
    "priceChangeFiveDayPercent": 16.129032258064512,
    "isRecentListing": false,
    "priceAsk": 0.375,
    "priceBid": 0.36,
    "priceChange": 0,
    "priceChangePercent": 0,
    "priceLast": 0.36,
    "sector": "Health Care",
    "industryGroup": "Health Care Equipment & Services",
    "securityType": 1,
    "volume": 132631,
    "statusCode": "RE",
    "isin": "AU0000015729",
    "priceClose": 0.36,
    "priceDayHigh": 0.36,
    "priceDayLow": 0.35000000000000003,
    "priceFiftyTwoWeekHigh": 0.72,
    "priceFiftyTwoWeekLow": 0.25,
    "volumeAverage": 117268.465116,
    "cashFlow": -9.58877,
    "earningsPerShare": -0.11416,
    "freeCashFlowYield": -0.0000100000010000001,
    "priceEarningsRatio": -99999.99,
    "priceToCash": -99999.99,
    "foreignExempt": false,
    "shareDescription": "Ordinary Fully Paid",
    "numOfShares": 126531815,
    "yieldAnnual": 0,
    "incomeStatement": [
      {
        "revenue": 4499560,
        "netIncome": -11809630,
        "period": "2022A",
        "fPeriodEndDate": 44742,
        "curCode": "AUD"
      },
      {
        "revenue": 5257620,
        "netIncome": -5545600,
        "period": "2021A",
        "fPeriodEndDate": 44377,
        "curCode": "AUD"
      },
      {
        "revenue": 4616660,
        "netIncome": -3320430,
        "period": "2020A",
        "fPeriodEndDate": 44012,
        "curCode": "AUD"
      },
      {
        "revenue": 4062090,
        "netIncome": -2979280,
        "period": "2019A",
        "fPeriodEndDate": 43646,
        "curCode": "AUD"
      }
    ]
  },
  {
    "symbol": "CTQ",
    "displayName": "CARETEQ LIMITED",
    "industry": "Health Care Equipment & Services",
    "dateListed": "2022-01-10",
    "marketCap": 8649616,
    "xid": "693973372",
    "priceChangeFiveDayPercent": -5.1094890510948945,
    "isRecentListing": false,
    "priceAsk": 0.077,
    "priceBid": 0.066,
    "priceChange": -0.0050000000000000044,
    "priceChangePercent": -7.142857142857149,
    "priceLast": 0.065,
    "sector": "Health Care",
    "industryGroup": "Health Care Equipment & Services",
    "securityType": 1,
    "volume": 125000,
    "statusCode": "",
    "isin": "AU0000195240",
    "priceClose": 0.07,
    "priceDayHigh": 0.066,
    "priceDayLow": 0.065,
    "priceFiftyTwoWeekHigh": 0.19,
    "priceFiftyTwoWeekLow": 0.056,
    "volumeAverage": 104948.859649,
    "cashFlow": -4.239,
    "earningsPerShare": -0.04249,
    "freeCashFlowYield": -0.0000100000010000001,
    "priceEarningsRatio": -99999.99,
    "priceToCash": -99999.99,
    "foreignExempt": false,
    "shareDescription": "Ordinary Fully Paid",
    "numOfShares": 123565941,
    "yieldAnnual": 0,
    "incomeStatement": [
      {
        "revenue": 4428460,
        "netIncome": -5250090,
        "period": "2022A",
        "fPeriodEndDate": 44742,
        "curCode": "AUD"
      },
      {
        "revenue": 735450,
        "netIncome": -5229340,
        "period": "2021A",
        "fPeriodEndDate": 44377,
        "curCode": "AUD"
      },
      {
        "revenue": 147310,
        "netIncome": -1908590,
        "period": "2020A",
        "fPeriodEndDate": 44012,
        "curCode": "AUD"
      }
    ]
  },
  {
    "symbol": "CSX",
    "displayName": "CLEANSPACE HOLDINGS LIMITED",
    "industry": "Health Care Equipment & Services",
    "dateListed": "2020-10-23",
    "marketCap": 28497224,
    "xid": "621647917",
    "priceChangeFiveDayPercent": -15.116279069767442,
    "isRecentListing": false,
    "priceAsk": 0.37,
    "priceBid": 0.355,
    "priceChange": -0.0050000000000000044,
    "priceChangePercent": -1.3513513513513526,
    "priceLast": 0.365,
    "sector": "Health Care",
    "industryGroup": "Health Care Equipment & Services",
    "securityType": 1,
    "volume": 3867,
    "statusCode": "",
    "isin": "AU0000107831",
    "priceClose": 0.37,
    "priceDayHigh": 0.38,
    "priceDayLow": 0.36,
    "priceFiftyTwoWeekHigh": 1.5,
    "priceFiftyTwoWeekLow": 0.36,
    "volumeAverage": 34625.035714,
    "cashFlow": -13.60231,
    "earningsPerShare": -0.14647,
    "freeCashFlowYield": -0.0000100000010000001,
    "priceEarningsRatio": -99999.99,
    "priceToCash": -99999.99,
    "foreignExempt": false,
    "shareDescription": "Ordinary Fully Paid",
    "numOfShares": 77019523,
    "yieldAnnual": 0,
    "incomeStatement": [
      {
        "revenue": 13358260,
        "netIncome": -11281440,
        "period": "2022A",
        "fPeriodEndDate": 44742,
        "curCode": "AUD"
      },
      {
        "revenue": 49925570,
        "netIncome": 11387120,
        "period": "2021A",
        "fPeriodEndDate": 44377,
        "curCode": "AUD"
      },
      {
        "revenue": 28399800,
        "netIncome": 5922150,
        "period": "2020A",
        "fPeriodEndDate": 44012,
        "curCode": "AUD"
      },
      {
        "revenue": 11057850,
        "netIncome": -1064290,
        "period": "2019A",
        "fPeriodEndDate": 43646,
        "curCode": "AUD"
      }
    ]
  },
  {
    "symbol": "COH",
    "displayName": "COCHLEAR LIMITED",
    "industry": "Health Care Equipment & Services",
    "dateListed": "1995-12-04",
    "marketCap": 13741079153,
    "xid": "79168",
    "priceChangeFiveDayPercent": -0.30858336498289846,
    "isRecentListing": false,
    "priceAsk": 210.5,
    "priceBid": 206.58,
    "priceChange": 1.0999999999999943,
    "priceChangePercent": 0.5265929436545522,
    "priceLast": 209.99,
    "sector": "Health Care",
    "industryGroup": "Health Care Equipment & Services",
    "securityType": 1,
    "volume": 132507,
    "statusCode": "",
    "isin": "AU000000COH5",
    "priceClose": 208.89000000000001,
    "priceDayHigh": 213.26,
    "priceDayLow": 208.49,
    "priceFiftyTwoWeekHigh": 236.43,
    "priceFiftyTwoWeekLow": 178.545,
    "volumeAverage": 147294.456522,
    "dateExDate": "2022-09-21",
    "datePayDate": "2022-10-17",
    "dateRecordDate": "2022-09-23",
    "dividend": 1.45,
    "dividendType": "F",
    "frankingPercent": 40,
    "cashFlow": 105.3,
    "earningsPerShare": 4.39558,
    "freeCashFlowYield": 0.026657297515166673,
    "priceEarningsRatio": 47.52274,
    "priceToCash": 37.51318,
    "foreignExempt": false,
    "shareDescription": "Ordinary Fully Paid",
    "numOfShares": 65781412,
    "yieldAnnual": 1.428639459021858,
    "incomeStatement": [
      {
        "revenue": 1648300000,
        "netIncome": 289100000,
        "period": "2022A",
        "fPeriodEndDate": 44742,
        "curCode": "AUD"
      },
      {
        "revenue": 1497600000,
        "netIncome": 326500000,
        "period": "2021A",
        "fPeriodEndDate": 44377,
        "curCode": "AUD"
      },
      {
        "revenue": 1320600000,
        "netIncome": -238300000,
        "period": "2020A",
        "fPeriodEndDate": 44012,
        "curCode": "AUD"
      },
      {
        "revenue": 1426700000,
        "netIncome": 276700000,
        "period": "2019A",
        "fPeriodEndDate": 43646,
        "curCode": "AUD"
      }
    ]
  },
  {
    "symbol": "CGS",
    "displayName": "COGSTATE LTD",
    "industry": "Health Care Equipment & Services",
    "dateListed": "2004-02-13",
    "marketCap": 294839497,
    "xid": "74099",
    "priceChangeFiveDayPercent": 5.882352941176476,
    "isRecentListing": false,
    "priceAsk": 1.97,
    "priceBid": 1.79,
    "priceChange": 0.10000000000000009,
    "priceChangePercent": 5.882352941176476,
    "priceLast": 1.8,
    "sector": "Health Care",
    "industryGroup": "Health Care Equipment & Services",
    "securityType": 1,
    "volume": 129706,
    "statusCode": "",
    "isin": "AU000000CGS8",
    "priceClose": 1.7,
    "priceDayHigh": 1.8,
    "priceDayLow": 1.72,
    "priceFiftyTwoWeekHigh": 2.68,
    "priceFiftyTwoWeekLow": 1.23,
    "volumeAverage": 170971.641304,
    "cashFlow": 9.13968,
    "earningsPerShare": 0.06166,
    "freeCashFlowYield": 0.05034737169098194,
    "priceEarningsRatio": 27.57032,
    "priceToCash": 19.86201,
    "foreignExempt": false,
    "shareDescription": "Ordinary Fully Paid",
    "numOfShares": 173434998,
    "yieldAnnual": 0,
    "incomeStatement": [
      {
        "revenue": 45033450,
        "netIncome": 7519730,
        "period": "2022A",
        "fPeriodEndDate": 44742,
        "curCode": "USD"
      },
      {
        "revenue": 32696590,
        "netIncome": 5233280,
        "period": "2021A",
        "fPeriodEndDate": 44377,
        "curCode": "USD"
      },
      {
        "revenue": 22783190,
        "netIncome": -1956580,
        "period": "2020A",
        "fPeriodEndDate": 44012,
        "curCode": "USD"
      },
      {
        "revenue": 21853950,
        "netIncome": -2495770,
        "period": "2019A",
        "fPeriodEndDate": 43646,
        "curCode": "USD"
      }
    ]
  },
  {
    "symbol": "CMP",
    "displayName": "COMPUMEDICS LIMITED",
    "industry": "Health Care Equipment & Services",
    "dateListed": "2000-12-21",
    "marketCap": 34546775,
    "xid": "77795",
    "priceChangeFiveDayPercent": 0,
    "isRecentListing": false,
    "priceAsk": 0.2,
    "priceBid": 0.19,
    "priceChange": 0,
    "priceChangePercent": 0,
    "priceLast": 0.195,
    "sector": "Health Care",
    "industryGroup": "Health Care Equipment & Services",
    "securityType": 1,
    "volume": 55600,
    "statusCode": "",
    "isin": "AU000000CMP2",
    "priceClose": 0.195,
    "priceDayHigh": 0.195,
    "priceDayLow": 0.195,
    "priceFiftyTwoWeekHigh": 0.445,
    "priceFiftyTwoWeekLow": 0.15,
    "volumeAverage": 83196.645161,
    "cashFlow": 0.302,
    "earningsPerShare": 0.00708,
    "freeCashFlowYield": 0.07436293275508717,
    "priceEarningsRatio": 27.54237,
    "priceToCash": 13.44756,
    "foreignExempt": false,
    "shareDescription": "Ordinary Fully Paid",
    "numOfShares": 177162948,
    "yieldAnnual": 0,
    "incomeStatement": [
      {
        "revenue": 37756000,
        "netIncome": 1357000,
        "period": "2022A",
        "fPeriodEndDate": 44742,
        "curCode": "AUD"
      },
      {
        "revenue": 35740000,
        "netIncome": 998000,
        "period": "2021A",
        "fPeriodEndDate": 44377,
        "curCode": "AUD"
      },
      {
        "revenue": 35069000,
        "netIncome": -5838000,
        "period": "2020A",
        "fPeriodEndDate": 44012,
        "curCode": "AUD"
      },
      {
        "revenue": 41505000,
        "netIncome": 4016000,
        "period": "2019A",
        "fPeriodEndDate": 43646,
        "curCode": "AUD"
      }
    ]
  },
  {
    "symbol": "CBL",
    "displayName": "CONTROL BIONICS LIMITED",
    "industry": "Health Care Equipment & Services",
    "dateListed": "2020-12-07",
    "marketCap": 13119459,
    "xid": "627017248",
    "priceChangeFiveDayPercent": 0,
    "isRecentListing": false,
    "priceAsk": 0.15,
    "priceBid": 0.145,
    "priceChange": 0,
    "priceChangePercent": 0,
    "priceLast": 0.145,
    "sector": "Health Care",
    "industryGroup": "Health Care Equipment & Services",
    "securityType": 1,
    "volume": 0,
    "statusCode": "",
    "isin": "AU0000114183",
    "priceClose": 0.145,
    "priceFiftyTwoWeekHigh": 0.475,
    "priceFiftyTwoWeekLow": 0.115,
    "volumeAverage": 27929.274194,
    "cashFlow": -7.03468,
    "earningsPerShare": -0.07156,
    "freeCashFlowYield": -0.0000100000010000001,
    "priceEarningsRatio": -99999.99,
    "priceToCash": -99999.99,
    "foreignExempt": false,
    "shareDescription": "Ordinary Fully Paid",
    "numOfShares": 90479028,
    "yieldAnnual": 0,
    "incomeStatement": [
      {
        "revenue": 4720000,
        "netIncome": -6101220,
        "period": "2022A",
        "fPeriodEndDate": 44742,
        "curCode": "AUD"
      },
      {
        "revenue": 4089620,
        "netIncome": -3550830,
        "period": "2021A",
        "fPeriodEndDate": 44377,
        "curCode": "AUD"
      },
      {
        "revenue": 3301020,
        "netIncome": -1005500,
        "period": "2020A",
        "fPeriodEndDate": 44012,
        "curCode": "AUD"
      },
      {
        "revenue": 901370,
        "netIncome": -1931650,
        "period": "2019A",
        "fPeriodEndDate": 43646,
        "curCode": "AUD"
      }
    ]
  },
  {
    "symbol": "CAU",
    "displayName": "CRONOS AUSTRALIA LIMITED",
    "industry": "Health Care Equipment & Services",
    "dateListed": "2019-11-07",
    "marketCap": 355094945,
    "xid": "560132375",
    "priceChangeFiveDayPercent": -7.692307692307699,
    "isRecentListing": false,
    "priceAsk": 0.635,
    "priceBid": 0.6,
    "priceChange": -0.040000000000000036,
    "priceChangePercent": -6.250000000000005,
    "priceLast": 0.6,
    "sector": "Health Care",
    "industryGroup": "Pharmaceuticals, Biotechnology & Life Sciences",
    "securityType": 1,
    "volume": 194158,
    "statusCode": "",
    "isin": "AU0000060691",
    "priceClose": 0.64,
    "priceDayHigh": 0.63,
    "priceDayLow": 0.595,
    "priceFiftyTwoWeekHigh": 1.04,
    "priceFiftyTwoWeekLow": 0.175,
    "volumeAverage": 419074.75,
    "dateExDate": "2022-09-16",
    "datePayDate": "2022-10-11",
    "dateRecordDate": "2022-09-19",
    "dividend": 0.01,
    "dividendType": "F",
    "frankingPercent": 100,
    "cashFlow": 13.12783,
    "earningsPerShare": 0.0126,
    "freeCashFlowYield": 0.018130051938972797,
    "priceEarningsRatio": 50.79365,
    "priceToCash": 55.15704,
    "foreignExempt": false,
    "shareDescription": "Ordinary Fully Paid",
    "numOfShares": 554835852,
    "yieldAnnual": 0,
    "incomeStatement": [
      {
        "revenue": 66991730,
        "netIncome": 6048530,
        "period": "2022A",
        "fPeriodEndDate": 44742,
        "curCode": "AUD"
      },
      {
        "revenue": 21712170,
        "netIncome": 1417450,
        "period": "2021A",
        "fPeriodEndDate": 44377,
        "curCode": "AUD"
      },
      {
        "revenue": 123850,
        "netIncome": -3937210,
        "period": "2020A",
        "fPeriodEndDate": 44012,
        "curCode": "AUD"
      },
      {
        "revenue": 0,
        "netIncome": -2914300,
        "period": "2019A",
        "fPeriodEndDate": 43646,
        "curCode": "AUD"
      }
    ]
  },
  {
    "symbol": "CYC",
    "displayName": "CYCLOPHARM LIMITED",
    "industry": "Health Care Equipment & Services",
    "dateListed": "2007-01-18",
    "marketCap": 120969974,
    "xid": "6195515",
    "priceChangeFiveDayPercent": -3.703703703703707,
    "isRecentListing": false,
    "priceAsk": 1.375,
    "priceBid": 1.3,
    "priceChange": 0,
    "priceChangePercent": 0,
    "priceLast": 1.3,
    "sector": "Health Care",
    "industryGroup": "Health Care Equipment & Services",
    "securityType": 1,
    "volume": 0,
    "statusCode": "",
    "isin": "AU000000CYC5",
    "priceClose": 1.3,
    "priceFiftyTwoWeekHigh": 1.945,
    "priceFiftyTwoWeekLow": 0.95,
    "volumeAverage": 17244.691176,
    "dateExDate": "2022-09-02",
    "datePayDate": "2022-09-12",
    "dateRecordDate": "2022-09-05",
    "dividend": 0.005,
    "dividendType": "I",
    "frankingPercent": 0,
    "cashFlow": -5.02878,
    "earningsPerShare": -0.04001,
    "freeCashFlowYield": -0.0000100000010000001,
    "priceEarningsRatio": -99999.99,
    "priceToCash": -99999.99,
    "foreignExempt": false,
    "shareDescription": "Ordinary Fully Paid",
    "numOfShares": 93053826,
    "yieldAnnual": 0.7692307692307692,
    "incomeStatement": [
      {
        "revenue": 17708520,
        "netIncome": -5040170,
        "period": "2021A",
        "fPeriodEndDate": 44561,
        "curCode": "AUD"
      },
      {
        "revenue": 14680570,
        "netIncome": -6043640,
        "period": "2020A",
        "fPeriodEndDate": 44196,
        "curCode": "AUD"
      },
      {
        "revenue": 14104310,
        "netIncome": -2912440,
        "period": "2019A",
        "fPeriodEndDate": 43830,
        "curCode": "AUD"
      },
      {
        "revenue": 13507630,
        "netIncome": -35460,
        "period": "2018A",
        "fPeriodEndDate": 43465,
        "curCode": "AUD"
      }
    ]
  },
  {
    "symbol": "DOC",
    "displayName": "DOCTOR CARE ANYWHERE GROUP PLC",
    "industry": "Health Care Equipment & Services",
    "dateListed": "2020-12-04",
    "marketCap": 25671929,
    "xid": "628160762",
    "priceChangeFiveDayPercent": 20.370370370370377,
    "isRecentListing": false,
    "priceAsk": 0.068,
    "priceBid": 0.064,
    "priceChange": -0.0050000000000000044,
    "priceChangePercent": -7.142857142857149,
    "priceLast": 0.065,
    "sector": "Health Care",
    "industryGroup": "Health Care Equipment & Services",
    "securityType": 1,
    "volume": 651149,
    "statusCode": "",
    "isin": "AU0000116238",
    "priceClose": 0.07,
    "priceDayHigh": 0.07,
    "priceDayLow": 0.061,
    "priceFiftyTwoWeekHigh": 0.65,
    "priceFiftyTwoWeekLow": 0.048,
    "volumeAverage": 633291.32967,
    "cashFlow": -41.83422,
    "earningsPerShare": -0.12936,
    "freeCashFlowYield": -0.0000100000010000001,
    "priceEarningsRatio": -99999.99,
    "priceToCash": -99999.99,
    "foreignExempt": false,
    "shareDescription": "Chess Depositary Interests 1:1",
    "numOfShares": 366741846,
    "yieldAnnual": 0,
    "incomeStatement": [
      {
        "revenue": 24965000,
        "netIncome": -20216000,
        "period": "2021A",
        "fPeriodEndDate": 44561,
        "curCode": "GBP"
      },
      {
        "revenue": 11573000,
        "netIncome": -31277000,
        "period": "2020A",
        "fPeriodEndDate": 44196,
        "curCode": "GBP"
      },
      {
        "revenue": 5725360,
        "netIncome": -5675400,
        "period": "2019A",
        "fPeriodEndDate": 43830,
        "curCode": "GBP"
      },
      {
        "revenue": 2014460,
        "netIncome": -4987260,
        "period": "2018A",
        "fPeriodEndDate": 43465,
        "curCode": "GBP"
      }
    ]
  },
  {
    "symbol": "EBO",
    "displayName": "EBOS GROUP LIMITED",
    "industry": "Health Care Equipment & Services",
    "dateListed": "2013-12-06",
    "marketCap": 7537686707,
    "xid": "69928310",
    "priceChangeFiveDayPercent": 0.17893660531697414,
    "isRecentListing": false,
    "priceAsk": 42.36,
    "priceBid": 38.45,
    "priceChange": -0.3500000000000014,
    "priceChangePercent": -0.8851795649974745,
    "priceLast": 39.19,
    "sector": "Health Care",
    "industryGroup": "Health Care Equipment & Services",
    "securityType": 1,
    "volume": 47651,
    "statusCode": "",
    "isin": "NZEBOE0001S6",
    "priceClose": 39.54,
    "priceDayHigh": 40.5,
    "priceDayLow": 38.67,
    "priceFiftyTwoWeekHigh": 40.5,
    "priceFiftyTwoWeekLow": 31.1,
    "volumeAverage": 19223.923913,
    "dateExDate": "2022-09-08",
    "datePayDate": "2022-09-30",
    "dateRecordDate": "2022-09-09",
    "dividend": 0.38,
    "dividendType": "F",
    "frankingPercent": 95.77,
    "cashFlow": 5.27676,
    "earningsPerShare": 1.21547,
    "freeCashFlowYield": 0.03754440094717015,
    "priceEarningsRatio": 34.8013,
    "priceToCash": 26.63513,
    "foreignExempt": false,
    "shareDescription": "Ordinary Fully Paid",
    "numOfShares": 190634464,
    "yieldAnnual": 1.968869609594284,
    "incomeStatement": [
      {
        "revenue": 10734119000,
        "netIncome": 202605000,
        "period": "2022A",
        "fPeriodEndDate": 44742,
        "curCode": "AUD"
      },
      {
        "revenue": 9202886000,
        "netIncome": 185297000,
        "period": "2021A",
        "fPeriodEndDate": 44377,
        "curCode": "AUD"
      },
      {
        "revenue": 8765540000,
        "netIncome": 162518000,
        "period": "2020A",
        "fPeriodEndDate": 44012,
        "curCode": "AUD"
      },
      {
        "revenue": 6930360000,
        "netIncome": 137700000,
        "period": "2019A",
        "fPeriodEndDate": 43646,
        "curCode": "AUD"
      }
    ]
  },
  {
    "symbol": "EBR",
    "displayName": "EBR SYSTEMS INC.",
    "industry": "Health Care Equipment & Services",
    "dateListed": "2021-11-24",
    "marketCap": 121761639,
    "xid": "686713291",
    "priceChangeFiveDayPercent": 7.954545454545461,
    "isRecentListing": false,
    "priceAsk": 0.48,
    "priceBid": 0.45,
    "priceChange": 0.025000000000000022,
    "priceChangePercent": 5.555555555555561,
    "priceLast": 0.47500000000000003,
    "sector": "Health Care",
    "industryGroup": "Health Care Equipment & Services",
    "securityType": 1,
    "volume": 22285,
    "statusCode": "",
    "isin": "AU0000182552",
    "priceClose": 0.45,
    "priceDayHigh": 0.47500000000000003,
    "priceDayLow": 0.45,
    "priceFiftyTwoWeekHigh": 0.99,
    "priceFiftyTwoWeekLow": 0.33,
    "volumeAverage": 58200.310345,
    "cashFlow": -42.60477,
    "earningsPerShare": -0.21862,
    "freeCashFlowYield": -0.0000100000010000001,
    "priceEarningsRatio": -99999.99,
    "priceToCash": -99999.99,
    "foreignExempt": false,
    "shareDescription": "Cdi 1:1 Us Person Prohibited",
    "numOfShares": 270581420,
    "yieldAnnual": 0,
    "incomeStatement": [
      {
        "revenue": 0,
        "netIncome": -39835370,
        "period": "2021A",
        "fPeriodEndDate": 44561,
        "curCode": "USD"
      },
      {
        "revenue": 0,
        "netIncome": -25718330,
        "period": "2020A",
        "fPeriodEndDate": 44196,
        "curCode": "USD"
      },
      {
        "revenue": 1293940,
        "netIncome": -24812760,
        "period": "2019A",
        "fPeriodEndDate": 43830,
        "curCode": "USD"
      }
    ]
  },
  {
    "symbol": "EMV",
    "displayName": "EMVISION MEDICAL DEVICES LTD",
    "industry": "Health Care Equipment & Services",
    "dateListed": "2018-12-13",
    "marketCap": 154599026,
    "xid": "499563284",
    "priceChangeFiveDayPercent": -3.4653465346534684,
    "isRecentListing": false,
    "priceAsk": 1.98,
    "priceBid": 1.975,
    "priceChange": -0.040000000000000036,
    "priceChangePercent": -2.010050251256283,
    "priceLast": 1.95,
    "sector": "Health Care",
    "industryGroup": "Health Care Equipment & Services",
    "securityType": 1,
    "volume": 19607,
    "statusCode": "",
    "isin": "AU0000028375",
    "priceClose": 1.99,
    "priceDayHigh": 1.97,
    "priceDayLow": 1.95,
    "priceFiftyTwoWeekHigh": 2.72,
    "priceFiftyTwoWeekLow": 1.235,
    "volumeAverage": 34978.56044,
    "cashFlow": -3.97316,
    "earningsPerShare": -0.08052,
    "freeCashFlowYield": -0.0000100000010000001,
    "priceEarningsRatio": -99999.99,
    "priceToCash": -99999.99,
    "foreignExempt": false,
    "shareDescription": "Ordinary Fully Paid",
    "numOfShares": 77687953,
    "yieldAnnual": 0,
    "incomeStatement": [
      {
        "revenue": 2385640,
        "netIncome": -6109280,
        "period": "2022A",
        "fPeriodEndDate": 44742,
        "curCode": "AUD"
      },
      {
        "revenue": 515060,
        "netIncome": -8398710,
        "period": "2021A",
        "fPeriodEndDate": 44377,
        "curCode": "AUD"
      },
      {
        "revenue": 980720,
        "netIncome": -3475760,
        "period": "2020A",
        "fPeriodEndDate": 44012,
        "curCode": "AUD"
      },
      {
        "revenue": 1135300,
        "netIncome": -2959360,
        "period": "2019A",
        "fPeriodEndDate": 43646,
        "curCode": "AUD"
      }
    ]
  },
  {
    "symbol": "EMD",
    "displayName": "EMYRIA LIMITED",
    "industry": "Health Care Equipment & Services",
    "dateListed": "2020-02-12",
    "marketCap": 55261370,
    "xid": "575022059",
    "priceChangeFiveDayPercent": 0,
    "isRecentListing": false,
    "priceAsk": 0.195,
    "priceBid": 0.19,
    "priceChange": 0,
    "priceChangePercent": 0,
    "priceLast": 0.19,
    "sector": "Health Care",
    "industryGroup": "Pharmaceuticals, Biotechnology & Life Sciences",
    "securityType": 1,
    "volume": 160120,
    "statusCode": "",
    "isin": "AU0000073645",
    "priceClose": 0.19,
    "priceDayHigh": 0.19,
    "priceDayLow": 0.185,
    "priceFiftyTwoWeekHigh": 0.475,
    "priceFiftyTwoWeekLow": 0.17,
    "volumeAverage": 163577.224719,
    "cashFlow": -5.48067,
    "earningsPerShare": -0.02751,
    "freeCashFlowYield": -0.0000100000010000001,
    "priceEarningsRatio": -99999.99,
    "priceToCash": -99999.99,
    "foreignExempt": false,
    "shareDescription": "Ordinary Fully Paid",
    "numOfShares": 290849314,
    "yieldAnnual": 0,
    "incomeStatement": [
      {
        "revenue": 1822400,
        "netIncome": -7327690,
        "period": "2022A",
        "fPeriodEndDate": 44742,
        "curCode": "AUD"
      },
      {
        "revenue": 1975910,
        "netIncome": -4906230,
        "period": "2021A",
        "fPeriodEndDate": 44377,
        "curCode": "AUD"
      },
      {
        "revenue": 1013450,
        "netIncome": -5238040,
        "period": "2020A",
        "fPeriodEndDate": 44012,
        "curCode": "AUD"
      },
      {
        "revenue": 109910,
        "netIncome": -2682930,
        "period": "2019A",
        "fPeriodEndDate": 43646,
        "curCode": "AUD"
      }
    ]
  },
  {
    "symbol": "EHE",
    "displayName": "ESTIA HEALTH LIMITED",
    "industry": "Health Care Equipment & Services",
    "dateListed": "2014-12-05",
    "marketCap": 524472899,
    "xid": "81389049",
    "priceChangeFiveDayPercent": -2.439024390243894,
    "isRecentListing": false,
    "priceAsk": 2.0300000000000002,
    "priceBid": 2,
    "priceChange": -0.03000000000000025,
    "priceChangePercent": -1.477832512315283,
    "priceLast": 2,
    "sector": "Health Care",
    "industryGroup": "Health Care Equipment & Services",
    "securityType": 1,
    "volume": 368544,
    "statusCode": "",
    "isin": "AU000000EHE2",
    "priceClose": 2.0300000000000002,
    "priceDayHigh": 2.0300000000000002,
    "priceDayLow": 1.955,
    "priceFiftyTwoWeekHigh": 2.43,
    "priceFiftyTwoWeekLow": 1.88,
    "volumeAverage": 198260.630435,
    "dateExDate": "2022-02-25",
    "datePayDate": "2022-03-18",
    "dateRecordDate": "2022-02-28",
    "dividend": 0.0235,
    "dividendType": "I",
    "frankingPercent": 100,
    "cashFlow": 9.939,
    "earningsPerShare": -0.20159,
    "freeCashFlowYield": 0.10103663588417161,
    "priceEarningsRatio": -99999.99,
    "priceToCash": 9.8974,
    "foreignExempt": false,
    "shareDescription": "Ordinary Fully Paid",
    "numOfShares": 258361034,
    "yieldAnnual": 2.325,
    "incomeStatement": [
      {
        "revenue": 671067000,
        "netIncome": -52362000,
        "period": "2022A",
        "fPeriodEndDate": 44742,
        "curCode": "AUD"
      },
      {
        "revenue": 646305000,
        "netIncome": 5998000,
        "period": "2021A",
        "fPeriodEndDate": 44377,
        "curCode": "AUD"
      },
      {
        "revenue": 636908000,
        "netIncome": -116909000,
        "period": "2020A",
        "fPeriodEndDate": 44012,
        "curCode": "AUD"
      },
      {
        "revenue": 585985000,
        "netIncome": 41290000,
        "period": "2019A",
        "fPeriodEndDate": 43646,
        "curCode": "AUD"
      }
    ]
  },
  {
    "symbol": "FPH",
    "displayName": "FISHER & PAYKEL HEALTHCARE CORPORATION LIMITED",
    "industry": "Health Care Equipment & Services",
    "dateListed": "2001-11-21",
    "marketCap": 12275903086,
    "xid": "109555",
    "priceChangeFiveDayPercent": -3.631411711302772,
    "isRecentListing": false,
    "priceAsk": 21.93,
    "priceBid": 21,
    "priceChange": -0.019999999999999574,
    "priceChangePercent": -0.09411764705882153,
    "priceLast": 21.23,
    "sector": "Health Care",
    "industryGroup": "Health Care Equipment & Services",
    "securityType": 1,
    "volume": 656121,
    "statusCode": "XD",
    "isin": "NZFAPE0001S2",
    "priceClose": 21.25,
    "priceDayHigh": 21.93,
    "priceDayLow": 20.93,
    "priceFiftyTwoWeekHigh": 31.3,
    "priceFiftyTwoWeekLow": 16.11,
    "volumeAverage": 511868.956522,
    "dateExDate": "2022-12-08",
    "datePayDate": "2022-12-21",
    "dateRecordDate": "2022-12-09",
    "dividend": 0.1621,
    "dividendType": "I",
    "frankingPercent": 0,
    "cashFlow": -242.6,
    "earningsPerShare": 0.43252,
    "freeCashFlowYield": 0.025827920446905676,
    "priceEarningsRatio": 52.02072,
    "priceToCash": 38.71779,
    "foreignExempt": true,
    "shareDescription": "Ordinary Fully Paid Foreign Exempt Nzx",
    "numOfShares": 577689557,
    "yieldAnnual": 1.7187941592086668,
    "incomeStatement": [
      {
        "revenue": 1681700000,
        "netIncome": 376900000,
        "period": "2022A",
        "fPeriodEndDate": 44651,
        "curCode": "NZD"
      },
      {
        "revenue": 1971200000,
        "netIncome": 524200000,
        "period": "2021A",
        "fPeriodEndDate": 44286,
        "curCode": "NZD"
      },
      {
        "revenue": 1263700000,
        "netIncome": 287300000,
        "period": "2020A",
        "fPeriodEndDate": 43921,
        "curCode": "NZD"
      },
      {
        "revenue": 1070400000,
        "netIncome": 209200000,
        "period": "2019A",
        "fPeriodEndDate": 43555,
        "curCode": "NZD"
      }
    ]
  },
  {
    "symbol": "GLH",
    "displayName": "GLOBAL HEALTH LIMITED",
    "industry": "Health Care Equipment & Services",
    "dateListed": "2000-04-04",
    "marketCap": 12470727,
    "xid": "287941",
    "priceChangeFiveDayPercent": -15.384615384615387,
    "isRecentListing": false,
    "priceAsk": 0.25,
    "priceBid": 0.22,
    "priceChange": 0.0050000000000000044,
    "priceChangePercent": 2.325581395348839,
    "priceLast": 0.22,
    "sector": "Health Care",
    "industryGroup": "Health Care Equipment & Services",
    "securityType": 1,
    "volume": 7350,
    "statusCode": "",
    "isin": "AU000000GLH2",
    "priceClose": 0.215,
    "priceDayHigh": 0.22,
    "priceDayLow": 0.22,
    "priceFiftyTwoWeekHigh": 0.44,
    "priceFiftyTwoWeekLow": 0.18,
    "volumeAverage": 42358.909091,
    "dateExDate": "2017-03-01",
    "datePayDate": "2017-03-09",
    "dateRecordDate": "2017-03-02",
    "dividend": 0.01,
    "dividendType": "I",
    "frankingPercent": 0,
    "cashFlow": -2.0781,
    "earningsPerShare": -0.03675,
    "freeCashFlowYield": -0.0000100000010000001,
    "priceEarningsRatio": -99999.99,
    "priceToCash": -99999.99,
    "foreignExempt": false,
    "shareDescription": "Ordinary Fully Paid",
    "numOfShares": 58003381,
    "yieldAnnual": 0,
    "incomeStatement": [
      {
        "revenue": 6536630,
        "netIncome": -2049090,
        "period": "2022A",
        "fPeriodEndDate": 44742,
        "curCode": "AUD"
      },
      {
        "revenue": 7032600,
        "netIncome": -488030,
        "period": "2021A",
        "fPeriodEndDate": 44377,
        "curCode": "AUD"
      },
      {
        "revenue": 6255670,
        "netIncome": -60130,
        "period": "2020A",
        "fPeriodEndDate": 44012,
        "curCode": "AUD"
      },
      {
        "revenue": 5524780,
        "netIncome": -1296790,
        "period": "2019A",
        "fPeriodEndDate": 43646,
        "curCode": "AUD"
      }
    ]
  },
  {
    "symbol": "HLS",
    "displayName": "HEALIUS LIMITED",
    "industry": "Health Care Equipment & Services",
    "dateListed": "1998-07-03",
    "marketCap": 1742245770,
    "xid": "234298",
    "priceChangeFiveDayPercent": 4.745762711864396,
    "isRecentListing": false,
    "priceAsk": 3.1,
    "priceBid": 3.09,
    "priceChange": 0.08999999999999986,
    "priceChangePercent": 2.999999999999995,
    "priceLast": 3.09,
    "sector": "Health Care",
    "industryGroup": "Health Care Equipment & Services",
    "securityType": 1,
    "volume": 4548177,
    "statusCode": "",
    "isin": "AU0000033359",
    "priceClose": 3,
    "priceDayHigh": 3.13,
    "priceDayLow": 3.02,
    "priceFiftyTwoWeekHigh": 5.54,
    "priceFiftyTwoWeekLow": 2.78,
    "volumeAverage": 2452040.347826,
    "dateExDate": "2022-09-07",
    "datePayDate": "2022-09-21",
    "dateRecordDate": "2022-09-08",
    "dividend": 0.06,
    "dividendType": "F",
    "frankingPercent": 100,
    "cashFlow": 395.2,
    "earningsPerShare": 0.49379,
    "freeCashFlowYield": 0.3285993125702381,
    "priceEarningsRatio": 6.07546,
    "priceToCash": 3.04322,
    "foreignExempt": false,
    "shareDescription": "Ordinary Fully Paid",
    "numOfShares": 580748590,
    "yieldAnnual": 5.17799352750809,
    "incomeStatement": [
      {
        "revenue": 2336200000,
        "netIncome": 307900000,
        "period": "2022A",
        "fPeriodEndDate": 44742,
        "curCode": "AUD"
      },
      {
        "revenue": 1900700000,
        "netIncome": 43700000,
        "period": "2021A",
        "fPeriodEndDate": 44377,
        "curCode": "AUD"
      },
      {
        "revenue": 1557000000,
        "netIncome": -70500000,
        "period": "2020A",
        "fPeriodEndDate": 44012,
        "curCode": "AUD"
      },
      {
        "revenue": 1562100000,
        "netIncome": 55300000,
        "period": "2019A",
        "fPeriodEndDate": 43646,
        "curCode": "AUD"
      }
    ]
  },
  {
    "symbol": "HHI",
    "displayName": "HEALTH HOUSE INTERNATIONAL LIMITED",
    "industry": "Health Care Equipment & Services",
    "dateListed": "2011-07-28",
    "marketCap": -1,
    "xid": "35858432",
    "priceChangeFiveDayPercent": 0,
    "isRecentListing": false,
    "priceChange": 0,
    "priceChangePercent": 0,
    "priceLast": 0.013000000000000001,
    "sector": "Health Care",
    "industryGroup": "Health Care Equipment & Services",
    "securityType": 1,
    "volume": 0,
    "statusCode": "",
    "isin": "AU0000141368",
    "priceClose": 0.013000000000000001,
    "priceFiftyTwoWeekHigh": 0.09,
    "priceFiftyTwoWeekLow": 0.011,
    "volumeAverage": 365232.111111,
    "cashFlow": -5.22777,
    "earningsPerShare": -0.11159,
    "freeCashFlowYield": -0.0000100000010000001,
    "priceEarningsRatio": -99999.99,
    "priceToCash": -99999.99,
    "foreignExempt": false,
    "shareDescription": "Ordinary Fully Paid",
    "numOfShares": 178224621,
    "yieldAnnual": 0,
    "incomeStatement": [
      {
        "revenue": 8506420,
        "netIncome": -5307300,
        "period": "2021A",
        "fPeriodEndDate": 44377,
        "curCode": "AUD"
      },
      {
        "revenue": 50520,
        "netIncome": -1412840,
        "period": "2020A",
        "fPeriodEndDate": 44012,
        "curCode": "AUD"
      },
      {
        "revenue": 138760,
        "netIncome": 2909890,
        "period": "2019A",
        "fPeriodEndDate": 43646,
        "curCode": "AUD"
      },
      {
        "revenue": 12700,
        "netIncome": -8096560,
        "period": "2018A",
        "fPeriodEndDate": 43281,
        "curCode": "AUD"
      }
    ]
  },
  {
    "symbol": "HLA",
    "displayName": "HEALTHIA LIMITED",
    "industry": "Health Care Equipment & Services",
    "dateListed": "2018-09-11",
    "marketCap": 146256244,
    "xid": "488794031",
    "priceChangeFiveDayPercent": -4.719101123595505,
    "isRecentListing": false,
    "priceAsk": 1.145,
    "priceBid": 1.03,
    "priceChange": 0,
    "priceChangePercent": 0,
    "priceLast": 1.06,
    "sector": "Health Care",
    "industryGroup": "Health Care Equipment & Services",
    "securityType": 1,
    "volume": 127041,
    "statusCode": "",
    "isin": "AU0000021693",
    "priceClose": 1.06,
    "priceDayHigh": 1.06,
    "priceDayLow": 1.02,
    "priceFiftyTwoWeekHigh": 2.43414,
    "priceFiftyTwoWeekLow": 1.02,
    "volumeAverage": 97927.513713,
    "dateExDate": "2022-03-03",
    "datePayDate": "2022-03-24",
    "dateRecordDate": "2022-03-04",
    "dividend": 0.02,
    "dividendType": "I",
    "frankingPercent": 100,
    "cashFlow": 8.909,
    "earningsPerShare": -0.02824,
    "freeCashFlowYield": 0.14610655258667044,
    "priceEarningsRatio": -99999.99,
    "priceToCash": 6.84432,
    "foreignExempt": false,
    "shareDescription": "Ordinary Fully Paid",
    "numOfShares": 137977589,
    "yieldAnnual": 0,
    "incomeStatement": [
      {
        "revenue": 200264000,
        "netIncome": -3329000,
        "period": "2022A",
        "fPeriodEndDate": 44742,
        "curCode": "AUD"
      },
      {
        "revenue": 136946000,
        "netIncome": 5157000,
        "period": "2021A",
        "fPeriodEndDate": 44377,
        "curCode": "AUD"
      },
      {
        "revenue": 87225000,
        "netIncome": 2691000,
        "period": "2020A",
        "fPeriodEndDate": 44012,
        "curCode": "AUD"
      },
      {
        "revenue": 65084000,
        "netIncome": -1238000,
        "period": "2019A",
        "fPeriodEndDate": 43646,
        "curCode": "AUD"
      }
    ]
  },
  {
    "symbol": "HMD",
    "displayName": "HERAMED LIMITED",
    "industry": "Health Care Equipment & Services",
    "dateListed": "2018-12-12",
    "marketCap": 36398557,
    "xid": "500583549",
    "priceChangeFiveDayPercent": 7.692307692307699,
    "isRecentListing": false,
    "priceAsk": 0.14,
    "priceBid": 0.135,
    "priceChange": -0.009999999999999981,
    "priceChangePercent": -6.6666666666666545,
    "priceLast": 0.14,
    "sector": "Health Care",
    "industryGroup": "Health Care Equipment & Services",
    "securityType": 1,
    "volume": 162416,
    "statusCode": "",
    "isin": "AU0000028367",
    "priceClose": 0.15,
    "priceDayHigh": 0.145,
    "priceDayLow": 0.14,
    "priceFiftyTwoWeekHigh": 0.315,
    "priceFiftyTwoWeekLow": 0.086,
    "volumeAverage": 379550.529412,
    "cashFlow": -5.84498,
    "earningsPerShare": -0.05666,
    "freeCashFlowYield": -0.0000100000010000001,
    "priceEarningsRatio": -99999.99,
    "priceToCash": -99999.99,
    "foreignExempt": false,
    "shareDescription": "Ordinary Fully Paid",
    "numOfShares": 242657048,
    "yieldAnnual": 0,
    "incomeStatement": [
      {
        "revenue": 86650,
        "netIncome": -5708940,
        "period": "2021A",
        "fPeriodEndDate": 44561,
        "curCode": "USD"
      },
      {
        "revenue": 39520,
        "netIncome": -3358970,
        "period": "2020A",
        "fPeriodEndDate": 44196,
        "curCode": "USD"
      },
      {
        "revenue": 145390,
        "netIncome": -3128890,
        "period": "2019A",
        "fPeriodEndDate": 43830,
        "curCode": "USD"
      },
      {
        "revenue": 77170,
        "netIncome": -3766480,
        "period": "2018A",
        "fPeriodEndDate": 43465,
        "curCode": "USD"
      }
    ]
  },
  {
    "symbol": "HIQ",
    "displayName": "HITIQ LIMITED",
    "industry": "Health Care Equipment & Services",
    "dateListed": "2021-06-16",
    "marketCap": 4502247,
    "xid": "656667210",
    "priceChangeFiveDayPercent": -20.512820512820515,
    "isRecentListing": false,
    "priceAsk": 0.031,
    "priceBid": 0.03,
    "priceChange": -0.0030000000000000027,
    "priceChangePercent": -8.823529411764714,
    "priceLast": 0.031,
    "sector": "Health Care",
    "industryGroup": "Health Care Equipment & Services",
    "securityType": 1,
    "volume": 20000,
    "statusCode": "",
    "isin": "AU0000148967",
    "priceClose": 0.034,
    "priceDayHigh": 0.031,
    "priceDayLow": 0.031,
    "priceFiftyTwoWeekHigh": 0.11949,
    "priceFiftyTwoWeekLow": 0.02109,
    "volumeAverage": 178562.849531,
    "cashFlow": -6.57198,
    "earningsPerShare": -0.0532,
    "freeCashFlowYield": -0.0000100000010000001,
    "priceEarningsRatio": -99999.99,
    "priceToCash": -99999.99,
    "foreignExempt": false,
    "shareDescription": "Ordinary Fully Paid",
    "numOfShares": 132419018,
    "yieldAnnual": 0,
    "incomeStatement": [
      {
        "revenue": 619020,
        "netIncome": -6947450,
        "period": "2022A",
        "fPeriodEndDate": 44742,
        "curCode": "AUD"
      },
      {
        "revenue": 406680,
        "netIncome": -5062850,
        "period": "2021A",
        "fPeriodEndDate": 44377,
        "curCode": "AUD"
      },
      {
        "revenue": 40260,
        "netIncome": -2618830,
        "period": "2020A",
        "fPeriodEndDate": 44012,
        "curCode": "AUD"
      },
      {
        "revenue": 0,
        "netIncome": -2987830,
        "period": "2019A",
        "fPeriodEndDate": 43646,
        "curCode": "AUD"
      }
    ]
  },
  {
    "symbol": "HIQN",
    "displayName": "HITIQ LIMITED",
    "industry": "Health Care Equipment & Services",
    "dateListed": "2021-06-16",
    "marketCap": 4502247,
    "xid": "767008716",
    "priceChangeFiveDayPercent": 0,
    "isRecentListing": false,
    "priceChange": 0,
    "priceChangePercent": 0,
    "priceLast": 0,
    "sector": "Health Care",
    "industryGroup": "Health Care Equipment & Services",
    "securityType": 1,
    "volume": 0,
    "statusCode": "",
    "isin": "AU0000249260",
    "priceClose": 0,
    "priceFiftyTwoWeekHigh": 0,
    "priceFiftyTwoWeekLow": 0,
    "cashFlow": -6.57198,
    "earningsPerShare": -0.0532,
    "freeCashFlowYield": -0.0000100000010000001,
    "priceEarningsRatio": -99999.99,
    "priceToCash": -99999.99,
    "foreignExempt": false,
    "shareDescription": "Ordinary Fully Paid Deferred",
    "numOfShares": 132419018,
    "yieldAnnual": -32768,
    "incomeStatement": [
      {
        "revenue": 619020,
        "netIncome": -6947450,
        "period": "2022A",
        "fPeriodEndDate": 44742,
        "curCode": "AUD"
      },
      {
        "revenue": 406680,
        "netIncome": -5062850,
        "period": "2021A",
        "fPeriodEndDate": 44377,
        "curCode": "AUD"
      },
      {
        "revenue": 40260,
        "netIncome": -2618830,
        "period": "2020A",
        "fPeriodEndDate": 44012,
        "curCode": "AUD"
      },
      {
        "revenue": 0,
        "netIncome": -2987830,
        "period": "2019A",
        "fPeriodEndDate": 43646,
        "curCode": "AUD"
      }
    ]
  },
  {
    "symbol": "ICS",
    "displayName": "ICSGLOBAL LIMITED",
    "industry": "Health Care Equipment & Services",
    "dateListed": "1999-12-23",
    "marketCap": -1,
    "xid": "152570",
    "priceChangeFiveDayPercent": 0,
    "isRecentListing": false,
    "priceChange": 0,
    "priceChangePercent": 0,
    "priceLast": 2.19,
    "sector": "Health Care",
    "industryGroup": "Health Care Equipment & Services",
    "securityType": 1,
    "volume": 0,
    "statusCode": "",
    "isin": "AU000000ICS4",
    "priceClose": 2.19,
    "priceFiftyTwoWeekHigh": 0.596,
    "priceFiftyTwoWeekLow": 0.5670000000000001,
    "dateExDate": "2021-07-12",
    "datePayDate": "2021-07-20",
    "dateRecordDate": "2021-07-13",
    "dividend": 0.23,
    "dividendType": "I",
    "frankingPercent": 0,
    "cashFlow": -2.72249,
    "earningsPerShare": -0.03346,
    "freeCashFlowYield": -0.0000100000010000001,
    "priceEarningsRatio": -99999.99,
    "priceToCash": -99999.99,
    "foreignExempt": false,
    "shareDescription": "Ordinary Fully Paid",
    "numOfShares": 10524019,
    "yieldAnnual": 0,
    "incomeStatement": [
      {
        "revenue": 830,
        "netIncome": -354840,
        "period": "2022A",
        "fPeriodEndDate": 44742,
        "curCode": "AUD"
      },
      {
        "revenue": 850,
        "netIncome": 17079210,
        "period": "2021A",
        "fPeriodEndDate": 44377,
        "curCode": "AUD"
      },
      {
        "revenue": 350,
        "netIncome": 1231670,
        "period": "2020A",
        "fPeriodEndDate": 44012,
        "curCode": "AUD"
      },
      {
        "revenue": 5691120,
        "netIncome": 1008620,
        "period": "2019A",
        "fPeriodEndDate": 43646,
        "curCode": "AUD"
      }
    ]
  },
  {
    "symbol": "IBX",
    "displayName": "IMAGION BIOSYSTEMS LIMITED",
    "industry": "Health Care Equipment & Services",
    "dateListed": "2017-06-22",
    "marketCap": 30275600,
    "xid": "414952026",
    "priceChangeFiveDayPercent": 7.999999999999994,
    "isRecentListing": false,
    "priceAsk": 0.027,
    "priceBid": 0.026000000000000002,
    "priceChange": 0,
    "priceChangePercent": 0,
    "priceLast": 0.027,
    "sector": "Health Care",
    "industryGroup": "Health Care Equipment & Services",
    "securityType": 1,
    "volume": 542001,
    "statusCode": "",
    "isin": "AU000000IBX6",
    "priceClose": 0.027,
    "priceDayHigh": 0.0275,
    "priceDayLow": 0.026500000000000003,
    "priceFiftyTwoWeekHigh": 0.081,
    "priceFiftyTwoWeekLow": 0.025,
    "volumeAverage": 1675203.141304,
    "cashFlow": -9.56438,
    "earningsPerShare": -0.01223,
    "freeCashFlowYield": -0.0000100000010000001,
    "priceEarningsRatio": -99999.99,
    "priceToCash": -99999.99,
    "foreignExempt": false,
    "shareDescription": "Ordinary Fully Paid",
    "numOfShares": 1121318534,
    "yieldAnnual": 0,
    "incomeStatement": [
      {
        "revenue": 243410,
        "netIncome": -6024710,
        "period": "2021A",
        "fPeriodEndDate": 44561,
        "curCode": "AUD"
      },
      {
        "revenue": 501410,
        "netIncome": -5364010,
        "period": "2020A",
        "fPeriodEndDate": 44196,
        "curCode": "AUD"
      },
      {
        "revenue": 432710,
        "netIncome": -3432510,
        "period": "2019A",
        "fPeriodEndDate": 43830,
        "curCode": "AUD"
      },
      {
        "revenue": 371490,
        "netIncome": -8340010,
        "period": "2018A",
        "fPeriodEndDate": 43465,
        "curCode": "AUD"
      }
    ]
  },
  {
    "symbol": "IME",
    "displayName": "IMEXHS LIMITED",
    "industry": "Health Care Equipment & Services",
    "dateListed": "2005-12-14",
    "marketCap": 18772345,
    "xid": "34083004",
    "priceChangeFiveDayPercent": 0,
    "isRecentListing": false,
    "priceAsk": 0.46,
    "priceBid": 0.455,
    "priceChange": 0,
    "priceChangePercent": 0,
    "priceLast": 0.455,
    "sector": "Health Care",
    "industryGroup": "Health Care Equipment & Services",
    "securityType": 1,
    "volume": 0,
    "statusCode": "",
    "isin": "AU0000023053",
    "priceClose": 0.455,
    "priceFiftyTwoWeekHigh": 1.23815,
    "priceFiftyTwoWeekLow": 0.44753,
    "volumeAverage": 23090.215385,
    "cashFlow": -5.40805,
    "earningsPerShare": -0.11331,
    "freeCashFlowYield": -0.0000100000010000001,
    "priceEarningsRatio": -99999.99,
    "priceToCash": -99999.99,
    "foreignExempt": false,
    "shareDescription": "Ordinary Fully Paid",
    "numOfShares": 41257901,
    "yieldAnnual": 0,
    "incomeStatement": [
      {
        "revenue": 13391560,
        "netIncome": -4699770,
        "period": "2021A",
        "fPeriodEndDate": 44561,
        "curCode": "AUD"
      },
      {
        "revenue": 10934040,
        "netIncome": -3615980,
        "period": "2020A",
        "fPeriodEndDate": 44196,
        "curCode": "AUD"
      },
      {
        "revenue": 7869810,
        "netIncome": -6002290,
        "period": "2019A",
        "fPeriodEndDate": 43830,
        "curCode": "AUD"
      },
      {
        "revenue": 6086980,
        "netIncome": -4887170,
        "period": "2018A",
        "fPeriodEndDate": 43465,
        "curCode": "AUD"
      }
    ]
  },
  {
    "symbol": "IPD",
    "displayName": "IMPEDIMED LIMITED",
    "industry": "Health Care Equipment & Services",
    "dateListed": "2007-10-24",
    "marketCap": 153379852,
    "xid": "8800759",
    "priceChangeFiveDayPercent": -3.333333333333321,
    "isRecentListing": false,
    "priceAsk": 0.08700000000000001,
    "priceBid": 0.085,
    "priceChange": 0.0010000000000000009,
    "priceChangePercent": 1.1627906976744196,
    "priceLast": 0.08700000000000001,
    "sector": "Health Care",
    "industryGroup": "Health Care Equipment & Services",
    "securityType": 1,
    "volume": 658752,
    "statusCode": "",
    "isin": "AU000000IPD8",
    "priceClose": 0.08600000000000001,
    "priceDayHigh": 0.08700000000000001,
    "priceDayLow": 0.085,
    "priceFiftyTwoWeekHigh": 0.205,
    "priceFiftyTwoWeekLow": 0.049,
    "volumeAverage": 1156546.67033,
    "cashFlow": -20.885,
    "earningsPerShare": -0.01181,
    "freeCashFlowYield": -0.0000100000010000001,
    "priceEarningsRatio": -99999.99,
    "priceToCash": -99999.99,
    "foreignExempt": false,
    "shareDescription": "Ordinary Fully Paid",
    "numOfShares": 1783486655,
    "yieldAnnual": 0,
    "incomeStatement": [
      {
        "revenue": 10566000,
        "netIncome": -19874000,
        "period": "2022A",
        "fPeriodEndDate": 44742,
        "curCode": "AUD"
      },
      {
        "revenue": 8409000,
        "netIncome": -20706000,
        "period": "2021A",
        "fPeriodEndDate": 44377,
        "curCode": "AUD"
      },
      {
        "revenue": 5741000,
        "netIncome": -21377000,
        "period": "2020A",
        "fPeriodEndDate": 44012,
        "curCode": "AUD"
      },
      {
        "revenue": 4156000,
        "netIncome": -24123000,
        "period": "2019A",
        "fPeriodEndDate": 43646,
        "curCode": "AUD"
      }
    ]
  },
  {
    "symbol": "IMR",
    "displayName": "IMRICOR MEDICAL SYSTEMS INC.",
    "industry": "Health Care Equipment & Services",
    "dateListed": "2019-08-30",
    "marketCap": 55241883,
    "xid": "550424061",
    "priceChangeFiveDayPercent": 2.666666666666669,
    "isRecentListing": false,
    "priceAsk": 0.41000000000000003,
    "priceBid": 0.37,
    "priceChange": 0.020000000000000018,
    "priceChangePercent": 5.479452054794526,
    "priceLast": 0.385,
    "sector": "Health Care",
    "industryGroup": "Health Care Equipment & Services",
    "securityType": 1,
    "volume": 158928,
    "statusCode": "",
    "isin": "AU0000054942",
    "priceClose": 0.365,
    "priceDayHigh": 0.41000000000000003,
    "priceDayLow": 0.385,
    "priceFiftyTwoWeekHigh": 1.16,
    "priceFiftyTwoWeekLow": 0.105,
    "volumeAverage": 154246.752809,
    "cashFlow": -25.77737,
    "earningsPerShare": -0.20762,
    "freeCashFlowYield": -0.0000100000010000001,
    "priceEarningsRatio": -99999.99,
    "priceToCash": -99999.99,
    "foreignExempt": false,
    "shareDescription": "Chess Depositary Interests 1:1",
    "numOfShares": 151347625,
    "yieldAnnual": 0,
    "incomeStatement": [
      {
        "revenue": 696270,
        "netIncome": -19732540,
        "period": "2021A",
        "fPeriodEndDate": 44561,
        "curCode": "USD"
      },
      {
        "revenue": 702160,
        "netIncome": -12446470,
        "period": "2020A",
        "fPeriodEndDate": 44196,
        "curCode": "USD"
      },
      {
        "revenue": 639700,
        "netIncome": -13293980,
        "period": "2019A",
        "fPeriodEndDate": 43830,
        "curCode": "USD"
      },
      {
        "revenue": 1002450,
        "netIncome": -5448480,
        "period": "2018A",
        "fPeriodEndDate": 43465,
        "curCode": "USD"
      }
    ]
  },
  {
    "symbol": "IRX",
    "displayName": "INHALERX LIMITED",
    "industry": "Health Care Equipment & Services",
    "dateListed": "2017-01-11",
    "marketCap": 12359619,
    "xid": "375606346",
    "priceChangeFiveDayPercent": -19.696969696969703,
    "isRecentListing": false,
    "priceAsk": 0.07,
    "priceBid": 0.052000000000000005,
    "priceChange": -0.013000000000000005,
    "priceChangePercent": -19.696969696969703,
    "priceLast": 0.053,
    "sector": "Communication Services",
    "industryGroup": "Media & Entertainment",
    "securityType": 1,
    "volume": 211480,
    "statusCode": "",
    "isin": "AU0000179475",
    "priceClose": 0.066,
    "priceDayHigh": 0.055,
    "priceDayLow": 0.051000000000000004,
    "priceFiftyTwoWeekHigh": 0.13,
    "priceFiftyTwoWeekLow": 0.051,
    "volumeAverage": 223723.044444,
    "cashFlow": -1.55751,
    "earningsPerShare": -0.0088,
    "freeCashFlowYield": -0.0000100000010000001,
    "priceEarningsRatio": -99999.99,
    "priceToCash": -99999.99,
    "foreignExempt": false,
    "shareDescription": "Ordinary Fully Paid",
    "numOfShares": 187266957,
    "yieldAnnual": 0,
    "incomeStatement": [
      {
        "revenue": 182070,
        "netIncome": -1111130,
        "period": "2021A",
        "fPeriodEndDate": 44561,
        "curCode": "AUD"
      },
      {
        "revenue": 22420,
        "netIncome": -1205280,
        "period": "2020A",
        "fPeriodEndDate": 44196,
        "curCode": "AUD"
      },
      {
        "revenue": 152050,
        "netIncome": -2387740,
        "period": "2019A",
        "fPeriodEndDate": 43830,
        "curCode": "AUD"
      },
      {
        "revenue": 432020,
        "netIncome": -1675720,
        "period": "2018A",
        "fPeriodEndDate": 43465,
        "curCode": "AUD"
      }
    ]
  },
  {
    "symbol": "IIQ",
    "displayName": "INOVIQ LTD",
    "industry": "Health Care Equipment & Services",
    "dateListed": "1991-04-18",
    "marketCap": 68093839,
    "xid": "102773",
    "priceChangeFiveDayPercent": 11.382113821138221,
    "isRecentListing": false,
    "priceAsk": 0.685,
    "priceBid": 0.665,
    "priceChange": -0.05499999999999994,
    "priceChangePercent": -7.4324324324324245,
    "priceLast": 0.685,
    "sector": "Health Care",
    "industryGroup": "Health Care Equipment & Services",
    "securityType": 1,
    "volume": 280578,
    "statusCode": "",
    "isin": "AU0000196149",
    "priceClose": 0.74,
    "priceDayHigh": 0.735,
    "priceDayLow": 0.665,
    "priceFiftyTwoWeekHigh": 1.285,
    "priceFiftyTwoWeekLow": 0.385,
    "volumeAverage": 66472.94382,
    "cashFlow": -6.47306,
    "earningsPerShare": -0.19186,
    "freeCashFlowYield": -0.0000100000010000001,
    "priceEarningsRatio": -99999.99,
    "priceToCash": -99999.99,
    "foreignExempt": false,
    "shareDescription": "Ordinary Fully Paid",
    "numOfShares": 92018702,
    "yieldAnnual": 0,
    "incomeStatement": [
      {
        "revenue": 342410,
        "netIncome": -18195980,
        "period": "2022A",
        "fPeriodEndDate": 44742,
        "curCode": "AUD"
      },
      {
        "revenue": 510980,
        "netIncome": -11150880,
        "period": "2021A",
        "fPeriodEndDate": 44377,
        "curCode": "AUD"
      },
      {
        "revenue": 98390,
        "netIncome": -3253550,
        "period": "2020A",
        "fPeriodEndDate": 44012,
        "curCode": "AUD"
      },
      {
        "revenue": 8730,
        "netIncome": -1717270,
        "period": "2019A",
        "fPeriodEndDate": 43646,
        "curCode": "AUD"
      }
    ]
  },
  {
    "symbol": "IDX",
    "displayName": "INTEGRAL DIAGNOSTICS LIMITED",
    "industry": "Health Care Equipment & Services",
    "dateListed": "2015-10-21",
    "marketCap": 719841923,
    "xid": "310471326",
    "priceChangeFiveDayPercent": 9.89010989010989,
    "isRecentListing": false,
    "priceAsk": 3.09,
    "priceBid": 2.99,
    "priceChange": -0.08999999999999986,
    "priceChangePercent": -2.9126213592232966,
    "priceLast": 3,
    "sector": "Health Care",
    "industryGroup": "Health Care Equipment & Services",
    "securityType": 1,
    "volume": 711104,
    "statusCode": "",
    "isin": "AU000000IDX2",
    "priceClose": 3.09,
    "priceDayHigh": 3.12,
    "priceDayLow": 2.97,
    "priceFiftyTwoWeekHigh": 5.00612,
    "priceFiftyTwoWeekLow": 2.38,
    "volumeAverage": 508545.782609,
    "dateExDate": "2022-09-01",
    "datePayDate": "2022-10-05",
    "dateRecordDate": "2022-09-02",
    "dividend": 0.03,
    "dividendType": "F",
    "frankingPercent": 100,
    "cashFlow": -11.533,
    "earningsPerShare": 0.06983,
    "freeCashFlowYield": 0.07126842110514515,
    "priceEarningsRatio": 44.25032,
    "priceToCash": 14.03146,
    "foreignExempt": false,
    "shareDescription": "Ordinary Fully Paid",
    "numOfShares": 232958551,
    "yieldAnnual": 2.333333333333333,
    "incomeStatement": [
      {
        "revenue": 360930000,
        "netIncome": 14603000,
        "period": "2022A",
        "fPeriodEndDate": 44742,
        "curCode": "AUD"
      },
      {
        "revenue": 350696000,
        "netIncome": 31268000,
        "period": "2021A",
        "fPeriodEndDate": 44377,
        "curCode": "AUD"
      },
      {
        "revenue": 275566000,
        "netIncome": 23033000,
        "period": "2020A",
        "fPeriodEndDate": 44012,
        "curCode": "AUD"
      },
      {
        "revenue": 232393000,
        "netIncome": 20983000,
        "period": "2019A",
        "fPeriodEndDate": 43646,
        "curCode": "AUD"
      }
    ]
  },
  {
    "symbol": "ICR",
    "displayName": "INTELICARE HOLDINGS LIMITED",
    "industry": "Health Care Equipment & Services",
    "dateListed": "2020-05-25",
    "marketCap": 2687714,
    "xid": "494884349",
    "priceChangeFiveDayPercent": 8.695652173913052,
    "isRecentListing": false,
    "priceAsk": 0.026000000000000002,
    "priceBid": 0.025,
    "priceChange": 0.0030000000000000027,
    "priceChangePercent": 13.63636363636365,
    "priceLast": 0.025,
    "securityType": 1,
    "volume": 290773,
    "statusCode": "",
    "isin": "AU0000081788",
    "priceClose": 0.022,
    "priceDayHigh": 0.026000000000000002,
    "priceDayLow": 0.022,
    "priceFiftyTwoWeekHigh": 0.09203,
    "priceFiftyTwoWeekLow": 0.02155,
    "volumeAverage": 223590.649132,
    "cashFlow": -3.1358,
    "earningsPerShare": -0.03435,
    "freeCashFlowYield": -0.0000100000010000001,
    "priceEarningsRatio": -99999.99,
    "priceToCash": -99999.99,
    "foreignExempt": false,
    "shareDescription": "Ordinary Fully Paid",
    "numOfShares": 122168807,
    "yieldAnnual": 0,
    "incomeStatement": [
      {
        "revenue": 1244220,
        "netIncome": -3932940,
        "period": "2022A",
        "fPeriodEndDate": 44742,
        "curCode": "AUD"
      },
      {
        "revenue": 927640,
        "netIncome": -4360850,
        "period": "2021A",
        "fPeriodEndDate": 44377,
        "curCode": "AUD"
      },
      {
        "revenue": 332260,
        "netIncome": -2554150,
        "period": "2020A",
        "fPeriodEndDate": 44012,
        "curCode": "AUD"
      },
      {
        "revenue": 267790,
        "netIncome": -499540,
        "period": "2019A",
        "fPeriodEndDate": 43646,
        "curCode": "AUD"
      }
    ]
  },
  {
    "symbol": "ICRN",
    "displayName": "INTELICARE HOLDINGS LIMITED",
    "industry": "Health Care Equipment & Services",
    "dateListed": "2020-05-25",
    "marketCap": 2687714,
    "xid": "771905417",
    "priceChangeFiveDayPercent": 0,
    "isRecentListing": false,
    "priceChange": 0,
    "priceChangePercent": 0,
    "priceLast": 0,
    "securityType": 1,
    "volume": 0,
    "statusCode": "",
    "isin": "AU0000252504",
    "priceClose": 0,
    "priceFiftyTwoWeekHigh": 0,
    "priceFiftyTwoWeekLow": 0,
    "cashFlow": -3.1358,
    "earningsPerShare": -0.03435,
    "freeCashFlowYield": -0.0000100000010000001,
    "priceEarningsRatio": -99999.99,
    "priceToCash": -99999.99,
    "foreignExempt": false,
    "shareDescription": "Ordinary Fully Paid Deferred",
    "numOfShares": 122168807,
    "yieldAnnual": -32768,
    "incomeStatement": [
      {
        "revenue": 1244220,
        "netIncome": -3932940,
        "period": "2022A",
        "fPeriodEndDate": 44742,
        "curCode": "AUD"
      },
      {
        "revenue": 927640,
        "netIncome": -4360850,
        "period": "2021A",
        "fPeriodEndDate": 44377,
        "curCode": "AUD"
      },
      {
        "revenue": 332260,
        "netIncome": -2554150,
        "period": "2020A",
        "fPeriodEndDate": 44012,
        "curCode": "AUD"
      },
      {
        "revenue": 267790,
        "netIncome": -499540,
        "period": "2019A",
        "fPeriodEndDate": 43646,
        "curCode": "AUD"
      }
    ]
  },
  {
    "symbol": "JTL",
    "displayName": "JAYEX TECHNOLOGY LIMITED",
    "industry": "Health Care Equipment & Services",
    "dateListed": "2015-12-17",
    "marketCap": 2990742,
    "xid": "320852357",
    "priceChangeFiveDayPercent": 8.333333333333341,
    "isRecentListing": false,
    "priceAsk": 0.013000000000000001,
    "priceBid": 0.01,
    "priceChange": 0.0010000000000000009,
    "priceChangePercent": 8.333333333333341,
    "priceLast": 0.013000000000000001,
    "sector": "Health Care",
    "industryGroup": "Health Care Equipment & Services",
    "securityType": 1,
    "volume": 150000,
    "statusCode": "",
    "isin": "AU0000155293",
    "priceClose": 0.012,
    "priceDayHigh": 0.013000000000000001,
    "priceDayLow": 0.012,
    "priceFiftyTwoWeekHigh": 0.023,
    "priceFiftyTwoWeekLow": 0.004,
    "volumeAverage": 595838.822222,
    "cashFlow": -0.69022,
    "earningsPerShare": -0.01489,
    "freeCashFlowYield": -0.0000100000010000001,
    "priceEarningsRatio": -99999.99,
    "priceToCash": -99999.99,
    "foreignExempt": false,
    "shareDescription": "Ordinary Fully Paid",
    "numOfShares": 249228539,
    "yieldAnnual": 0,
    "incomeStatement": [
      {
        "revenue": 3586000,
        "netIncome": -3979000,
        "period": "2021A",
        "fPeriodEndDate": 44561,
        "curCode": "AUD"
      },
      {
        "revenue": 5069000,
        "netIncome": -799000,
        "period": "2020A",
        "fPeriodEndDate": 44196,
        "curCode": "AUD"
      },
      {
        "revenue": 7185000,
        "netIncome": -960000,
        "period": "2019A",
        "fPeriodEndDate": 43830,
        "curCode": "AUD"
      },
      {
        "revenue": 6749000,
        "netIncome": -1125000,
        "period": "2018A",
        "fPeriodEndDate": 43465,
        "curCode": "AUD"
      }
    ]
  },
  {
    "symbol": "LBT",
    "displayName": "LBT INNOVATIONS LIMITED",
    "industry": "Health Care Equipment & Services",
    "dateListed": "2006-07-31",
    "marketCap": 16201085,
    "xid": "4721926",
    "priceChangeFiveDayPercent": 7.999999999999994,
    "isRecentListing": false,
    "priceAsk": 0.052000000000000005,
    "priceBid": 0.05,
    "priceChange": 0.0049999999999999975,
    "priceChangePercent": 10.204081632653056,
    "priceLast": 0.054,
    "sector": "Health Care",
    "industryGroup": "Health Care Equipment & Services",
    "securityType": 1,
    "volume": 96296,
    "statusCode": "",
    "isin": "AU000000LBT8",
    "priceClose": 0.049,
    "priceDayHigh": 0.054,
    "priceDayLow": 0.054,
    "priceFiftyTwoWeekHigh": 0.13,
    "priceFiftyTwoWeekLow": 0.049,
    "volumeAverage": 213848.440476,
    "cashFlow": -5.582,
    "earningsPerShare": -0.02197,
    "freeCashFlowYield": -0.0000100000010000001,
    "priceEarningsRatio": -99999.99,
    "priceToCash": -99999.99,
    "foreignExempt": false,
    "shareDescription": "Ordinary Fully Paid",
    "numOfShares": 330634387,
    "yieldAnnual": 0,
    "incomeStatement": [
      {
        "revenue": 2280000,
        "netIncome": -6641000,
        "period": "2022A",
        "fPeriodEndDate": 44742,
        "curCode": "AUD"
      },
      {
        "revenue": 1434000,
        "netIncome": -7260000,
        "period": "2021A",
        "fPeriodEndDate": 44377,
        "curCode": "AUD"
      },
      {
        "revenue": 1751000,
        "netIncome": -5636000,
        "period": "2020A",
        "fPeriodEndDate": 44012,
        "curCode": "AUD"
      },
      {
        "revenue": 2903000,
        "netIncome": -4350000,
        "period": "2019A",
        "fPeriodEndDate": 43646,
        "curCode": "AUD"
      }
    ]
  },
  {
    "symbol": "LDX",
    "displayName": "LUMOS DIAGNOSTICS HOLDINGS LIMITED",
    "industry": "Health Care Equipment & Services",
    "dateListed": "2021-07-05",
    "marketCap": 10291001,
    "xid": "663323707",
    "priceChangeFiveDayPercent": -8.000000000000007,
    "isRecentListing": false,
    "priceAsk": 0.049,
    "priceBid": 0.046,
    "priceChange": -0.0030000000000000027,
    "priceChangePercent": -6.122448979591842,
    "priceLast": 0.046,
    "sector": "Health Care",
    "industryGroup": "Health Care Equipment & Services",
    "securityType": 1,
    "volume": 39844,
    "statusCode": "",
    "isin": "AU0000157091",
    "priceClose": 0.049,
    "priceDayHigh": 0.047,
    "priceDayLow": 0.046,
    "priceFiftyTwoWeekHigh": 1.18505,
    "priceFiftyTwoWeekLow": 0.04,
    "volumeAverage": 595861.318182,
    "cashFlow": -33.19645,
    "earningsPerShare": -0.30043,
    "freeCashFlowYield": -0.0000100000010000001,
    "priceEarningsRatio": -99999.99,
    "priceToCash": -99999.99,
    "foreignExempt": false,
    "shareDescription": "Ordinary Fully Paid",
    "numOfShares": 210020431,
    "yieldAnnual": 0,
    "incomeStatement": [
      {
        "revenue": 11630000,
        "netIncome": -45724000,
        "period": "2022A",
        "fPeriodEndDate": 44742,
        "curCode": "USD"
      },
      {
        "revenue": 18854000,
        "netIncome": -15030000,
        "period": "2021A",
        "fPeriodEndDate": 44377,
        "curCode": "USD"
      },
      {
        "revenue": 5784840,
        "netIncome": -9264980,
        "period": "2020A",
        "fPeriodEndDate": 44012,
        "curCode": "USD"
      },
      {
        "revenue": 4397260,
        "netIncome": -4510090,
        "period": "2019A",
        "fPeriodEndDate": 43646,
        "curCode": "USD"
      }
    ]
  },
  {
    "symbol": "M7T",
    "displayName": "MACH7 TECHNOLOGIES LIMITED",
    "industry": "Health Care Equipment & Services",
    "dateListed": "2005-11-30",
    "marketCap": 132722356,
    "xid": "3590522",
    "priceChangeFiveDayPercent": 1.9477596923248362e-14,
    "isRecentListing": false,
    "priceAsk": 0.5700000000000001,
    "priceBid": 0.55,
    "priceChange": 0.015000000000000013,
    "priceChangePercent": 2.702702702702705,
    "priceLast": 0.5700000000000001,
    "sector": "Health Care",
    "industryGroup": "Health Care Equipment & Services",
    "securityType": 1,
    "volume": 32333,
    "statusCode": "",
    "isin": "AU000000M7T0",
    "priceClose": 0.555,
    "priceDayHigh": 0.5700000000000001,
    "priceDayLow": 0.55,
    "priceFiftyTwoWeekHigh": 0.87,
    "priceFiftyTwoWeekLow": 0.445,
    "volumeAverage": 128647.923913,
    "cashFlow": 5.93537,
    "earningsPerShare": -0.0161,
    "freeCashFlowYield": 0.03698042958685834,
    "priceEarningsRatio": -99999.99,
    "priceToCash": 27.04133,
    "foreignExempt": false,
    "shareDescription": "Ordinary Fully Paid",
    "numOfShares": 239139381,
    "yieldAnnual": 0,
    "incomeStatement": [
      {
        "revenue": 27080150,
        "netIncome": -4167850,
        "period": "2022A",
        "fPeriodEndDate": 44742,
        "curCode": "AUD"
      },
      {
        "revenue": 19027090,
        "netIncome": -9357200,
        "period": "2021A",
        "fPeriodEndDate": 44377,
        "curCode": "AUD"
      },
      {
        "revenue": 18862200,
        "netIncome": 169290,
        "period": "2020A",
        "fPeriodEndDate": 44012,
        "curCode": "AUD"
      },
      {
        "revenue": 9347150,
        "netIncome": -7058730,
        "period": "2019A",
        "fPeriodEndDate": 43646,
        "curCode": "AUD"
      }
    ]
  },
  {
    "symbol": "MDR",
    "displayName": "MEDADVISOR LIMITED",
    "industry": "Health Care Equipment & Services",
    "dateListed": "2011-05-26",
    "marketCap": 119646652,
    "xid": "34668920",
    "priceChangeFiveDayPercent": 9.999999999999995,
    "isRecentListing": false,
    "priceAsk": 0.225,
    "priceBid": 0.22,
    "priceChange": 0,
    "priceChangePercent": 0,
    "priceLast": 0.22,
    "sector": "Health Care",
    "industryGroup": "Health Care Equipment & Services",
    "securityType": 1,
    "volume": 2284,
    "statusCode": "",
    "isin": "AU000000MDR6",
    "priceClose": 0.22,
    "priceDayHigh": 0.22,
    "priceDayLow": 0.22,
    "priceFiftyTwoWeekHigh": 0.395,
    "priceFiftyTwoWeekLow": 0.13,
    "volumeAverage": 318145.701149,
    "cashFlow": -0.54813,
    "earningsPerShare": -0.04586,
    "freeCashFlowYield": -0.0000100000010000001,
    "priceEarningsRatio": -99999.99,
    "priceToCash": -99999.99,
    "foreignExempt": false,
    "shareDescription": "Ordinary Fully Paid",
    "numOfShares": 543848417,
    "yieldAnnual": 0,
    "incomeStatement": [
      {
        "revenue": 67750060,
        "netIncome": -17346500,
        "period": "2022A",
        "fPeriodEndDate": 44742,
        "curCode": "AUD"
      },
      {
        "revenue": 40280130,
        "netIncome": -13949450,
        "period": "2021A",
        "fPeriodEndDate": 44377,
        "curCode": "AUD"
      },
      {
        "revenue": 11070740,
        "netIncome": -9585000,
        "period": "2020A",
        "fPeriodEndDate": 44012,
        "curCode": "AUD"
      },
      {
        "revenue": 9193110,
        "netIncome": -8101390,
        "period": "2019A",
        "fPeriodEndDate": 43646,
        "curCode": "AUD"
      }
    ]
  },
  {
    "symbol": "MEB",
    "displayName": "MEDIBIO LIMITED",
    "industry": "Health Care Equipment & Services",
    "dateListed": "2001-01-29",
    "marketCap": 3320594,
    "xid": "65117",
    "priceChangeFiveDayPercent": 100,
    "isRecentListing": false,
    "priceAsk": 0.002,
    "priceBid": 0.001,
    "priceChange": 0.001,
    "priceChangePercent": 100,
    "priceLast": 0.002,
    "sector": "Health Care",
    "industryGroup": "Health Care Equipment & Services",
    "securityType": 1,
    "volume": 2102991,
    "statusCode": "",
    "isin": "AU000000MEB8",
    "priceClose": 0.001,
    "priceDayHigh": 0.002,
    "priceDayLow": 0.0015,
    "priceFiftyTwoWeekHigh": 0.006,
    "priceFiftyTwoWeekLow": 0.001,
    "volumeAverage": 4511236.196429,
    "cashFlow": -4.63098,
    "earningsPerShare": -0.00563,
    "freeCashFlowYield": -0.0000100000010000001,
    "priceEarningsRatio": -99999.99,
    "priceToCash": -99999.99,
    "foreignExempt": false,
    "shareDescription": "Ordinary Fully Paid",
    "numOfShares": 3320593794,
    "yieldAnnual": 0,
    "incomeStatement": [
      {
        "revenue": 1007720,
        "netIncome": -12715810,
        "period": "2022A",
        "fPeriodEndDate": 44742,
        "curCode": "AUD"
      },
      {
        "revenue": 1265820,
        "netIncome": -1486600,
        "period": "2021A",
        "fPeriodEndDate": 44377,
        "curCode": "AUD"
      },
      {
        "revenue": 932830,
        "netIncome": -3872400,
        "period": "2020A",
        "fPeriodEndDate": 44012,
        "curCode": "AUD"
      },
      {
        "revenue": 4132290,
        "netIncome": -6587040,
        "period": "2019A",
        "fPeriodEndDate": 43646,
        "curCode": "AUD"
      }
    ]
  },
  {
    "symbol": "MX1",
    "displayName": "MICRO-X LIMITED",
    "industry": "Health Care Equipment & Services",
    "dateListed": "2015-12-22",
    "marketCap": 60725672,
    "xid": "321663203",
    "priceChangeFiveDayPercent": 4.1666666666666705,
    "isRecentListing": false,
    "priceAsk": 0.135,
    "priceBid": 0.125,
    "priceChange": 0,
    "priceChangePercent": 0,
    "priceLast": 0.125,
    "sector": "Health Care",
    "industryGroup": "Health Care Equipment & Services",
    "securityType": 1,
    "volume": 67302,
    "statusCode": "",
    "isin": "AU000000MX15",
    "priceClose": 0.125,
    "priceDayHigh": 0.13,
    "priceDayLow": 0.125,
    "priceFiftyTwoWeekHigh": 0.28,
    "priceFiftyTwoWeekLow": 0.11,
    "volumeAverage": 459061.608696,
    "cashFlow": -19.22,
    "earningsPerShare": -0.03713,
    "freeCashFlowYield": -0.0000100000010000001,
    "priceEarningsRatio": -99999.99,
    "priceToCash": -99999.99,
    "foreignExempt": false,
    "shareDescription": "Ordinary Fully Paid",
    "numOfShares": 485805375,
    "yieldAnnual": 0,
    "incomeStatement": [
      {
        "revenue": 13114000,
        "netIncome": -17089000,
        "period": "2022A",
        "fPeriodEndDate": 44742,
        "curCode": "AUD"
      },
      {
        "revenue": 6783000,
        "netIncome": -14731000,
        "period": "2021A",
        "fPeriodEndDate": 44377,
        "curCode": "AUD"
      },
      {
        "revenue": 7555000,
        "netIncome": -10067000,
        "period": "2020A",
        "fPeriodEndDate": 44012,
        "curCode": "AUD"
      },
      {
        "revenue": 5313000,
        "netIncome": -9834000,
        "period": "2019A",
        "fPeriodEndDate": 43646,
        "curCode": "AUD"
      }
    ]
  },
  {
    "symbol": "MAP",
    "displayName": "MICROBA LIFE SCIENCES LIMITED",
    "industry": "Health Care Equipment & Services",
    "dateListed": "2022-04-05",
    "marketCap": 116602149,
    "xid": "708080264",
    "priceChangeFiveDayPercent": 8.064516129032265,
    "isRecentListing": false,
    "priceAsk": 0.34500000000000003,
    "priceBid": 0.335,
    "priceChange": -0.0050000000000000044,
    "priceChangePercent": -1.4705882352941189,
    "priceLast": 0.335,
    "sector": "Health Care",
    "industryGroup": "Health Care Equipment & Services",
    "securityType": 1,
    "volume": 147060,
    "statusCode": "",
    "isin": "AU0000209868",
    "priceClose": 0.34,
    "priceDayHigh": 0.35000000000000003,
    "priceDayLow": 0.335,
    "priceFiftyTwoWeekHigh": 0.45,
    "priceFiftyTwoWeekLow": 0.135,
    "volumeAverage": 467347.183908,
    "cashFlow": -12.32157,
    "earningsPerShare": -0.05364,
    "freeCashFlowYield": -0.0000100000010000001,
    "priceEarningsRatio": -99999.99,
    "priceToCash": -99999.99,
    "foreignExempt": false,
    "shareDescription": "Ordinary Fully Paid",
    "numOfShares": 342947496,
    "yieldAnnual": 0,
    "incomeStatement": [
      {
        "revenue": 4688650,
        "netIncome": -11470430,
        "period": "2022A",
        "fPeriodEndDate": 44742,
        "curCode": "AUD"
      },
      {
        "revenue": 3732440,
        "netIncome": -7523750,
        "period": "2021A",
        "fPeriodEndDate": 44377,
        "curCode": "AUD"
      },
      {
        "revenue": 2909030,
        "netIncome": -6650670,
        "period": "2020A",
        "fPeriodEndDate": 44012,
        "curCode": "AUD"
      },
      {
        "revenue": 1828160,
        "netIncome": -4733830,
        "period": "2019A",
        "fPeriodEndDate": 43646,
        "curCode": "AUD"
      }
    ]
  },
  {
    "symbol": "MVF",
    "displayName": "MONASH IVF GROUP LIMITED",
    "industry": "Health Care Equipment & Services",
    "dateListed": "2014-06-26",
    "marketCap": 379893969,
    "xid": "76091705",
    "priceChangeFiveDayPercent": 4.040404040404044,
    "isRecentListing": false,
    "priceAsk": 1.05,
    "priceBid": 1.0150000000000001,
    "priceChange": 0.05500000000000005,
    "priceChangePercent": 5.641025641025647,
    "priceLast": 1.03,
    "sector": "Health Care",
    "industryGroup": "Health Care Equipment & Services",
    "securityType": 1,
    "volume": 386522,
    "statusCode": "",
    "isin": "AU000000MVF3",
    "priceClose": 0.975,
    "priceDayHigh": 1.03,
    "priceDayLow": 0.97,
    "priceFiftyTwoWeekHigh": 1.265,
    "priceFiftyTwoWeekLow": 0.87,
    "volumeAverage": 766733.315217,
    "dateExDate": "2022-09-08",
    "datePayDate": "2022-10-07",
    "dateRecordDate": "2022-09-09",
    "dividend": 0.022,
    "dividendType": "F",
    "frankingPercent": 100,
    "cashFlow": 3.373,
    "earningsPerShare": 0.04699,
    "freeCashFlowYield": 0.08762974679384665,
    "priceEarningsRatio": 20.7491,
    "priceToCash": 11.41165,
    "foreignExempt": false,
    "shareDescription": "Ordinary Fully Paid",
    "numOfShares": 389634840,
    "yieldAnnual": 4.271844660194175,
    "incomeStatement": [
      {
        "revenue": 192294000,
        "netIncome": 18406000,
        "period": "2022A",
        "fPeriodEndDate": 44742,
        "curCode": "AUD"
      },
      {
        "revenue": 183605000,
        "netIncome": 25330000,
        "period": "2021A",
        "fPeriodEndDate": 44377,
        "curCode": "AUD"
      },
      {
        "revenue": 145417000,
        "netIncome": 11726000,
        "period": "2020A",
        "fPeriodEndDate": 44012,
        "curCode": "AUD"
      },
      {
        "revenue": 151980000,
        "netIncome": 19852000,
        "period": "2019A",
        "fPeriodEndDate": 43646,
        "curCode": "AUD"
      }
    ]
  },
  {
    "symbol": "NAN",
    "displayName": "NANOSONICS LIMITED",
    "industry": "Health Care Equipment & Services",
    "dateListed": "2007-05-17",
    "marketCap": 1374234316,
    "xid": "7315167",
    "priceChangeFiveDayPercent": -4.811715481171557,
    "isRecentListing": false,
    "priceAsk": 4.64,
    "priceBid": 4.42,
    "priceChange": 0,
    "priceChangePercent": 0,
    "priceLast": 4.55,
    "sector": "Health Care",
    "industryGroup": "Health Care Equipment & Services",
    "securityType": 1,
    "volume": 1586989,
    "statusCode": "",
    "isin": "AU000000NAN9",
    "priceClose": 4.55,
    "priceDayHigh": 4.61,
    "priceDayLow": 4.45,
    "priceFiftyTwoWeekHigh": 6.51,
    "priceFiftyTwoWeekLow": 2.87,
    "volumeAverage": 712536.630435,
    "cashFlow": -0.271,
    "earningsPerShare": 0.01226,
    "freeCashFlowYield": 0.006890383642780464,
    "priceEarningsRatio": 371.1256,
    "priceToCash": 145.1298,
    "foreignExempt": false,
    "shareDescription": "Ordinary Fully Paid",
    "numOfShares": 302029520,
    "yieldAnnual": 0,
    "incomeStatement": [
      {
        "revenue": 120320000,
        "netIncome": 3742000,
        "period": "2022A",
        "fPeriodEndDate": 44742,
        "curCode": "AUD"
      },
      {
        "revenue": 103079000,
        "netIncome": 8578000,
        "period": "2021A",
        "fPeriodEndDate": 44377,
        "curCode": "AUD"
      },
      {
        "revenue": 100054000,
        "netIncome": 10137000,
        "period": "2020A",
        "fPeriodEndDate": 44012,
        "curCode": "AUD"
      },
      {
        "revenue": 84324000,
        "netIncome": 13602000,
        "period": "2019A",
        "fPeriodEndDate": 43646,
        "curCode": "AUD"
      }
    ]
  },
  {
    "symbol": "NTI",
    "displayName": "NEUROTECH INTERNATIONAL LIMITED",
    "industry": "Health Care Equipment & Services",
    "dateListed": "2016-11-04",
    "marketCap": 59707427,
    "xid": "369611400",
    "priceChangeFiveDayPercent": -8.974358974358966,
    "isRecentListing": false,
    "priceAsk": 0.08,
    "priceBid": 0.069,
    "priceChange": -0.002999999999999989,
    "priceChangePercent": -4.054054054054039,
    "priceLast": 0.07100000000000001,
    "sector": "Health Care",
    "industryGroup": "Health Care Equipment & Services",
    "securityType": 1,
    "volume": 240723,
    "statusCode": "",
    "isin": "AU000000NTI9",
    "priceClose": 0.074,
    "priceDayHigh": 0.074,
    "priceDayLow": 0.07100000000000001,
    "priceFiftyTwoWeekHigh": 0.13,
    "priceFiftyTwoWeekLow": 0.044,
    "volumeAverage": 1218655.314607,
    "cashFlow": -2.95513,
    "earningsPerShare": -0.00482,
    "freeCashFlowYield": -0.0000100000010000001,
    "priceEarningsRatio": -99999.99,
    "priceToCash": -99999.99,
    "foreignExempt": false,
    "shareDescription": "Ordinary Fully Paid",
    "numOfShares": 806857126,
    "yieldAnnual": 0,
    "incomeStatement": [
      {
        "revenue": 608100,
        "netIncome": -3362240,
        "period": "2022A",
        "fPeriodEndDate": 44742,
        "curCode": "AUD"
      },
      {
        "revenue": 206500,
        "netIncome": -7430630,
        "period": "2021A",
        "fPeriodEndDate": 44377,
        "curCode": "AUD"
      },
      {
        "revenue": 82100,
        "netIncome": -1713440,
        "period": "2020A",
        "fPeriodEndDate": 44012,
        "curCode": "AUD"
      },
      {
        "revenue": 253790,
        "netIncome": -4802210,
        "period": "2019A",
        "fPeriodEndDate": 43646,
        "curCode": "AUD"
      }
    ]
  },
  {
    "symbol": "NXS",
    "displayName": "NEXT SCIENCE LIMITED",
    "industry": "Health Care Equipment & Services",
    "dateListed": "2019-04-18",
    "marketCap": 146057291,
    "xid": "525947452",
    "priceChangeFiveDayPercent": 0.7462686567164185,
    "isRecentListing": false,
    "priceAsk": 0.68,
    "priceBid": 0.675,
    "priceChange": -0.0050000000000000044,
    "priceChangePercent": -0.7352941176470594,
    "priceLast": 0.675,
    "sector": "Health Care",
    "industryGroup": "Health Care Equipment & Services",
    "securityType": 1,
    "volume": 38535,
    "statusCode": "",
    "isin": "AU0000041329",
    "priceClose": 0.68,
    "priceDayHigh": 0.7000000000000001,
    "priceDayLow": 0.66,
    "priceFiftyTwoWeekHigh": 1.33,
    "priceFiftyTwoWeekLow": 0.59,
    "volumeAverage": 74677.76087,
    "cashFlow": -17.77791,
    "earningsPerShare": -0.08603,
    "freeCashFlowYield": -0.0000100000010000001,
    "priceEarningsRatio": -99999.99,
    "priceToCash": -99999.99,
    "foreignExempt": false,
    "shareDescription": "Ordinary Fully Paid",
    "numOfShares": 214790134,
    "yieldAnnual": 0,
    "incomeStatement": [
      {
        "revenue": 8947590,
        "netIncome": -9349640,
        "period": "2021A",
        "fPeriodEndDate": 44561,
        "curCode": "USD"
      },
      {
        "revenue": 3440980,
        "netIncome": -11912000,
        "period": "2020A",
        "fPeriodEndDate": 44196,
        "curCode": "USD"
      },
      {
        "revenue": 4060800,
        "netIncome": -14351830,
        "period": "2019A",
        "fPeriodEndDate": 43830,
        "curCode": "USD"
      },
      {
        "revenue": 2844500,
        "netIncome": -13747500,
        "period": "2018A",
        "fPeriodEndDate": 43465,
        "curCode": "USD"
      }
    ]
  },
  {
    "symbol": "EYE",
    "displayName": "NOVA EYE MEDICAL LIMITED",
    "industry": "Health Care Equipment & Services",
    "dateListed": "1987-10-12",
    "marketCap": 43035617,
    "xid": "98048",
    "priceChangeFiveDayPercent": -5.172413793103434,
    "isRecentListing": false,
    "priceAsk": 0.295,
    "priceBid": 0.25,
    "priceChange": -0.019999999999999962,
    "priceChangePercent": -6.77966101694914,
    "priceLast": 0.275,
    "sector": "Health Care",
    "industryGroup": "Health Care Equipment & Services",
    "securityType": 1,
    "volume": 1060,
    "statusCode": "",
    "isin": "AU0000094252",
    "priceClose": 0.295,
    "priceDayHigh": 0.275,
    "priceDayLow": 0.275,
    "priceFiftyTwoWeekHigh": 0.36,
    "priceFiftyTwoWeekLow": 0.18,
    "volumeAverage": 52219.5,
    "dateExDate": "2020-07-21",
    "datePayDate": "2020-07-29",
    "dateRecordDate": "2020-07-22",
    "dividend": 0.135,
    "dividendType": "I",
    "frankingPercent": 100,
    "cashFlow": -8.44,
    "earningsPerShare": -0.05182,
    "freeCashFlowYield": -0.0000100000010000001,
    "priceEarningsRatio": -99999.99,
    "priceToCash": -99999.99,
    "foreignExempt": false,
    "shareDescription": "Ordinary Fully Paid",
    "numOfShares": 145883449,
    "yieldAnnual": 0,
    "incomeStatement": [
      {
        "revenue": 13412000,
        "netIncome": -7496000,
        "period": "2022A",
        "fPeriodEndDate": 44742,
        "curCode": "AUD"
      },
      {
        "revenue": 13633000,
        "netIncome": -4357000,
        "period": "2021A",
        "fPeriodEndDate": 44377,
        "curCode": "AUD"
      },
      {
        "revenue": 12821000,
        "netIncome": 35653000,
        "period": "2020A",
        "fPeriodEndDate": 44012,
        "curCode": "AUD"
      },
      {
        "revenue": 16306000,
        "netIncome": -5773000,
        "period": "2019A",
        "fPeriodEndDate": 43646,
        "curCode": "AUD"
      }
    ]
  },
  {
    "symbol": "OCA",
    "displayName": "OCEANIA HEALTHCARE LIMITED",
    "industry": "Health Care Equipment & Services",
    "dateListed": "2017-05-05",
    "marketCap": 538775396,
    "xid": "406220433",
    "priceChangeFiveDayPercent": -3.8461538461538494,
    "isRecentListing": false,
    "priceAsk": 1,
    "priceBid": 0.73,
    "priceChange": 0,
    "priceChangePercent": 0,
    "priceLast": 0.75,
    "sector": "Health Care",
    "industryGroup": "Health Care Equipment & Services",
    "securityType": 1,
    "volume": 0,
    "statusCode": "XD",
    "isin": "NZOCAE0002S0",
    "priceClose": 0.75,
    "priceFiftyTwoWeekHigh": 1.365,
    "priceFiftyTwoWeekLow": 0.72,
    "volumeAverage": 3161.181818,
    "dateExDate": "2022-11-29",
    "datePayDate": "2022-12-14",
    "dateRecordDate": "2022-11-30",
    "dividend": 0.0149,
    "dividendType": "I",
    "frankingPercent": 0,
    "cashFlow": -5.731,
    "earningsPerShare": 0.04987,
    "freeCashFlowYield": 0.09423729516345931,
    "priceEarningsRatio": 16.24223,
    "priceToCash": 10.61151,
    "foreignExempt": true,
    "shareDescription": "Ordinary Fully Paid Foreign Exempt Nzx",
    "numOfShares": 718367194,
    "yieldAnnual": 0,
    "incomeStatement": [
      {
        "revenue": 231140000,
        "netIncome": 61129000,
        "period": "2022A",
        "fPeriodEndDate": 44651,
        "curCode": "NZD"
      },
      {
        "revenue": 175417000,
        "netIncome": 85680000,
        "period": "2021A",
        "fPeriodEndDate": 44286,
        "curCode": "NZD"
      },
      {
        "revenue": 193646000,
        "netIncome": -13642000,
        "period": "2020A",
        "fPeriodEndDate": 43982,
        "curCode": "NZD"
      },
      {
        "revenue": 186977000,
        "netIncome": 45371000,
        "period": "2019A",
        "fPeriodEndDate": 43616,
        "curCode": "NZD"
      }
    ]
  },
  {
    "symbol": "ONE",
    "displayName": "ONEVIEW HEALTHCARE PLC",
    "industry": "Health Care Equipment & Services",
    "dateListed": "2016-03-17",
    "marketCap": 63949764,
    "xid": "337569597",
    "priceChangeFiveDayPercent": -11.538461538461538,
    "isRecentListing": false,
    "priceAsk": 0.13,
    "priceBid": 0.115,
    "priceChange": -0.0049999999999999906,
    "priceChangePercent": -4.166666666666659,
    "priceLast": 0.115,
    "sector": "Health Care",
    "industryGroup": "Health Care Equipment & Services",
    "securityType": 1,
    "volume": 275840,
    "statusCode": "",
    "isin": "AU000000ONE9",
    "priceClose": 0.12,
    "priceDayHigh": 0.12,
    "priceDayLow": 0.115,
    "priceFiftyTwoWeekHigh": 0.335,
    "priceFiftyTwoWeekLow": 0.084,
    "volumeAverage": 234404.366667,
    "cashFlow": -11.25042,
    "earningsPerShare": -0.0296,
    "freeCashFlowYield": -0.0000100000010000001,
    "priceEarningsRatio": -99999.99,
    "priceToCash": -99999.99,
    "foreignExempt": false,
    "shareDescription": "Chess Depositary Interests 1:1",
    "numOfShares": 532914704,
    "yieldAnnual": 0,
    "incomeStatement": [
      {
        "revenue": 9731890,
        "netIncome": -8185020,
        "period": "2021A",
        "fPeriodEndDate": 44561,
        "curCode": "EUR"
      },
      {
        "revenue": 7101980,
        "netIncome": -9454460,
        "period": "2020A",
        "fPeriodEndDate": 44196,
        "curCode": "EUR"
      },
      {
        "revenue": 7097700,
        "netIncome": -16941160,
        "period": "2019A",
        "fPeriodEndDate": 43830,
        "curCode": "EUR"
      },
      {
        "revenue": 8200360,
        "netIncome": -20278370,
        "period": "2018A",
        "fPeriodEndDate": 43465,
        "curCode": "EUR"
      }
    ]
  },
  {
    "symbol": "OIL",
    "displayName": "OPTISCAN IMAGING LIMITED",
    "industry": "Health Care Equipment & Services",
    "dateListed": "1997-08-08",
    "marketCap": 65741088,
    "xid": "221285",
    "priceChangeFiveDayPercent": 0,
    "isRecentListing": false,
    "priceAsk": 0.11,
    "priceBid": 0.1,
    "priceChange": -0.0049999999999999906,
    "priceChangePercent": -4.761904761904753,
    "priceLast": 0.1,
    "sector": "Health Care",
    "industryGroup": "Health Care Equipment & Services",
    "securityType": 1,
    "volume": 210199,
    "statusCode": "",
    "isin": "AU000000OIL4",
    "priceClose": 0.105,
    "priceDayHigh": 0.1075,
    "priceDayLow": 0.1,
    "priceFiftyTwoWeekHigh": 0.2,
    "priceFiftyTwoWeekLow": 0.091,
    "volumeAverage": 129496.123457,
    "cashFlow": -3.95772,
    "earningsPerShare": -0.00684,
    "freeCashFlowYield": -0.0000100000010000001,
    "priceEarningsRatio": -99999.99,
    "priceToCash": -99999.99,
    "foreignExempt": false,
    "shareDescription": "Ordinary Fully Paid",
    "numOfShares": 626105602,
    "yieldAnnual": 0,
    "incomeStatement": [
      {
        "revenue": 1013040,
        "netIncome": -4233040,
        "period": "2022A",
        "fPeriodEndDate": 44742,
        "curCode": "AUD"
      },
      {
        "revenue": 889530,
        "netIncome": -2126700,
        "period": "2021A",
        "fPeriodEndDate": 44377,
        "curCode": "AUD"
      },
      {
        "revenue": 1190710,
        "netIncome": -1765350,
        "period": "2020A",
        "fPeriodEndDate": 44012,
        "curCode": "AUD"
      },
      {
        "revenue": 1051470,
        "netIncome": -2344120,
        "period": "2019A",
        "fPeriodEndDate": 43646,
        "curCode": "AUD"
      }
    ]
  },
  {
    "symbol": "OSX",
    "displayName": "OSTEOPORE LIMITED",
    "industry": "Health Care Equipment & Services",
    "dateListed": "2019-09-23",
    "marketCap": 22867306,
    "xid": "553209696",
    "priceChangeFiveDayPercent": -2.500000000000002,
    "isRecentListing": false,
    "priceAsk": 0.195,
    "priceBid": 0.19,
    "priceChange": 0,
    "priceChangePercent": 0,
    "priceLast": 0.195,
    "sector": "Health Care",
    "industryGroup": "Health Care Equipment & Services",
    "securityType": 1,
    "volume": 82,
    "statusCode": "",
    "isin": "AU0000053324",
    "priceClose": 0.195,
    "priceDayHigh": 0.195,
    "priceDayLow": 0.195,
    "priceFiftyTwoWeekHigh": 0.31,
    "priceFiftyTwoWeekLow": 0.1,
    "volumeAverage": 57536.402299,
    "cashFlow": -4.55261,
    "earningsPerShare": -0.0359,
    "freeCashFlowYield": -0.0000100000010000001,
    "priceEarningsRatio": -99999.99,
    "priceToCash": -99999.99,
    "foreignExempt": false,
    "shareDescription": "Ordinary Fully Paid",
    "numOfShares": 117268238,
    "yieldAnnual": 0,
    "incomeStatement": [
      {
        "revenue": 1113010,
        "netIncome": -3620900,
        "period": "2021A",
        "fPeriodEndDate": 44561,
        "curCode": "AUD"
      },
      {
        "revenue": 1504580,
        "netIncome": -1945890,
        "period": "2020A",
        "fPeriodEndDate": 44196,
        "curCode": "AUD"
      },
      {
        "revenue": 411600,
        "netIncome": -2382340,
        "period": "2019A",
        "fPeriodEndDate": 43830,
        "curCode": "AUD"
      }
    ]
  },
  {
    "symbol": "OVN",
    "displayName": "OVENTUS MEDICAL LIMITED",
    "industry": "Health Care Equipment & Services",
    "dateListed": "2016-07-19",
    "marketCap": -1,
    "xid": "353789288",
    "priceChangeFiveDayPercent": 0,
    "isRecentListing": false,
    "priceChange": 0,
    "priceChangePercent": 0,
    "priceLast": 0.02,
    "sector": "Health Care",
    "industryGroup": "Health Care Equipment & Services",
    "securityType": 1,
    "volume": 0,
    "statusCode": "",
    "isin": "AU000000OVN3",
    "priceClose": 0.02,
    "priceFiftyTwoWeekHigh": 0.095,
    "priceFiftyTwoWeekLow": 0.017,
    "cashFlow": -9.39117,
    "earningsPerShare": -0.05239,
    "freeCashFlowYield": -0.0000100000010000001,
    "priceEarningsRatio": -99999.99,
    "priceToCash": -99999.99,
    "foreignExempt": false,
    "shareDescription": "Ordinary Fully Paid",
    "numOfShares": 241726535,
    "yieldAnnual": 0,
    "incomeStatement": [
      {
        "revenue": 1089540,
        "netIncome": -9831560,
        "period": "2021A",
        "fPeriodEndDate": 44377,
        "curCode": "AUD"
      },
      {
        "revenue": 419300,
        "netIncome": -10126360,
        "period": "2020A",
        "fPeriodEndDate": 44012,
        "curCode": "AUD"
      },
      {
        "revenue": 331840,
        "netIncome": -7848260,
        "period": "2019A",
        "fPeriodEndDate": 43646,
        "curCode": "AUD"
      },
      {
        "revenue": 271320,
        "netIncome": -5870550,
        "period": "2018A",
        "fPeriodEndDate": 43281,
        "curCode": "AUD"
      }
    ]
  },
  {
    "symbol": "PSQ",
    "displayName": "PACIFIC SMILES GROUP LIMITED",
    "industry": "Health Care Equipment & Services",
    "dateListed": "2014-11-21",
    "marketCap": 248149914,
    "xid": "80738925",
    "priceChangeFiveDayPercent": 0,
    "isRecentListing": false,
    "priceAsk": 1.57,
    "priceBid": 1.53,
    "priceChange": 0.04500000000000015,
    "priceChangePercent": 2.8938906752411673,
    "priceLast": 1.6,
    "sector": "Health Care",
    "industryGroup": "Health Care Equipment & Services",
    "securityType": 1,
    "volume": 315,
    "statusCode": "",
    "isin": "AU000000PSQ9",
    "priceClose": 1.555,
    "priceDayHigh": 1.6,
    "priceDayLow": 1.6,
    "priceFiftyTwoWeekHigh": 2.98,
    "priceFiftyTwoWeekLow": 1.24,
    "volumeAverage": 124857.476744,
    "dateExDate": "2021-03-24",
    "datePayDate": "2021-04-09",
    "dateRecordDate": "2021-03-25",
    "dividend": 0.024,
    "dividendType": "I",
    "frankingPercent": 100,
    "cashFlow": -5.483,
    "earningsPerShare": -0.02839,
    "freeCashFlowYield": 0.08782191121556064,
    "priceEarningsRatio": -99999.99,
    "priceToCash": 11.38668,
    "foreignExempt": false,
    "shareDescription": "Ordinary Fully Paid",
    "numOfShares": 159581938,
    "yieldAnnual": 0,
    "incomeStatement": [
      {
        "revenue": 139467000,
        "netIncome": -4531000,
        "period": "2022A",
        "fPeriodEndDate": 44742,
        "curCode": "AUD"
      },
      {
        "revenue": 153175000,
        "netIncome": 12953000,
        "period": "2021A",
        "fPeriodEndDate": 44377,
        "curCode": "AUD"
      },
      {
        "revenue": 120055000,
        "netIncome": 6383000,
        "period": "2020A",
        "fPeriodEndDate": 44012,
        "curCode": "AUD"
      },
      {
        "revenue": 122156000,
        "netIncome": 8573000,
        "period": "2019A",
        "fPeriodEndDate": 43646,
        "curCode": "AUD"
      }
    ]
  },
  {
    "symbol": "PCK",
    "displayName": "PAINCHEK LTD",
    "industry": "Health Care Equipment & Services",
    "dateListed": "2012-05-01",
    "marketCap": 41484972,
    "xid": "43092786",
    "priceChangeFiveDayPercent": -13.513513513513509,
    "isRecentListing": false,
    "priceAsk": 0.035,
    "priceBid": 0.033,
    "priceChange": 0,
    "priceChangePercent": 0,
    "priceLast": 0.032,
    "sector": "Health Care",
    "industryGroup": "Health Care Equipment & Services",
    "securityType": 1,
    "volume": 144059,
    "statusCode": "",
    "isin": "AU000000PCK6",
    "priceClose": 0.032,
    "priceDayHigh": 0.033,
    "priceDayLow": 0.032,
    "priceFiftyTwoWeekHigh": 0.05981,
    "priceFiftyTwoWeekLow": 0.026,
    "volumeAverage": 753543.340659,
    "cashFlow": -7.01946,
    "earningsPerShare": -0.00498,
    "freeCashFlowYield": -0.0000100000010000001,
    "priceEarningsRatio": -99999.99,
    "priceToCash": -99999.99,
    "foreignExempt": false,
    "shareDescription": "Ordinary Fully Paid",
    "numOfShares": 1296405383,
    "yieldAnnual": 0,
    "incomeStatement": [
      {
        "revenue": 994150,
        "netIncome": -5720540,
        "period": "2022A",
        "fPeriodEndDate": 44742,
        "curCode": "AUD"
      },
      {
        "revenue": 233890,
        "netIncome": -6063650,
        "period": "2021A",
        "fPeriodEndDate": 44377,
        "curCode": "AUD"
      },
      {
        "revenue": 297180,
        "netIncome": -12392660,
        "period": "2020A",
        "fPeriodEndDate": 44012,
        "curCode": "AUD"
      },
      {
        "revenue": 215460,
        "netIncome": -3262420,
        "period": "2019A",
        "fPeriodEndDate": 43646,
        "curCode": "AUD"
      }
    ]
  },
  {
    "symbol": "PGC",
    "displayName": "PARAGON CARE LIMITED",
    "industry": "Health Care Equipment & Services",
    "dateListed": "1999-10-15",
    "marketCap": 217089157,
    "xid": "82836",
    "priceChangeFiveDayPercent": -1.4705882352941189,
    "isRecentListing": false,
    "priceAsk": 0.34,
    "priceBid": 0.325,
    "priceChange": 0.0050000000000000044,
    "priceChangePercent": 1.5151515151515165,
    "priceLast": 0.335,
    "sector": "Health Care",
    "industryGroup": "Health Care Equipment & Services",
    "securityType": 1,
    "volume": 31933,
    "statusCode": "",
    "isin": "AU000000PGC4",
    "priceClose": 0.33,
    "priceDayHigh": 0.335,
    "priceDayLow": 0.33,
    "priceFiftyTwoWeekHigh": 0.49,
    "priceFiftyTwoWeekLow": 0.255,
    "volumeAverage": 409338.619565,
    "dateExDate": "2022-09-12",
    "datePayDate": "2022-10-04",
    "dateRecordDate": "2022-09-13",
    "dividend": 0.006,
    "dividendType": "F",
    "frankingPercent": 100,
    "cashFlow": 14.421,
    "earningsPerShare": 0.01739,
    "freeCashFlowYield": 0.06966723445462748,
    "priceEarningsRatio": 18.97642,
    "priceToCash": 14.35395,
    "foreignExempt": false,
    "shareDescription": "Ordinary Fully Paid",
    "numOfShares": 657845929,
    "yieldAnnual": 3.582089552238806,
    "incomeStatement": [
      {
        "revenue": 248044000,
        "netIncome": 6634000,
        "period": "2022A",
        "fPeriodEndDate": 44742,
        "curCode": "AUD"
      },
      {
        "revenue": 235858000,
        "netIncome": 8279000,
        "period": "2021A",
        "fPeriodEndDate": 44377,
        "curCode": "AUD"
      },
      {
        "revenue": 231878000,
        "netIncome": -77269000,
        "period": "2020A",
        "fPeriodEndDate": 44012,
        "curCode": "AUD"
      },
      {
        "revenue": 236584000,
        "netIncome": -14386000,
        "period": "2019A",
        "fPeriodEndDate": 43646,
        "curCode": "AUD"
      }
    ]
  },
  {
    "symbol": "PNV",
    "displayName": "POLYNOVO LIMITED",
    "industry": "Health Care Equipment & Services",
    "dateListed": "1998-11-26",
    "marketCap": 1382054137,
    "xid": "197259",
    "priceChangeFiveDayPercent": 9.473684210526324,
    "isRecentListing": false,
    "priceAsk": 2.1,
    "priceBid": 2.07,
    "priceChange": 0.040000000000000036,
    "priceChangePercent": 1.960784313725492,
    "priceLast": 2.08,
    "sector": "Health Care",
    "industryGroup": "Health Care Equipment & Services",
    "securityType": 1,
    "volume": 1622712,
    "statusCode": "",
    "isin": "AU000000PNV0",
    "priceClose": 2.04,
    "priceDayHigh": 2.1,
    "priceDayLow": 2.015,
    "priceFiftyTwoWeekHigh": 2.25,
    "priceFiftyTwoWeekLow": 0.835,
    "volumeAverage": 2142983.527473,
    "cashFlow": -2.54896,
    "earningsPerShare": -0.00182,
    "freeCashFlowYield": 0.00043687867660711287,
    "priceEarningsRatio": -99999.99,
    "priceToCash": 2288.965,
    "foreignExempt": false,
    "shareDescription": "Ordinary Fully Paid",
    "numOfShares": 677477518,
    "yieldAnnual": 0,
    "incomeStatement": [
      {
        "revenue": 41440510,
        "netIncome": -1192530,
        "period": "2022A",
        "fPeriodEndDate": 44742,
        "curCode": "AUD"
      },
      {
        "revenue": 29159030,
        "netIncome": -4605030,
        "period": "2021A",
        "fPeriodEndDate": 44377,
        "curCode": "AUD"
      },
      {
        "revenue": 22191430,
        "netIncome": -4193740,
        "period": "2020A",
        "fPeriodEndDate": 44012,
        "curCode": "AUD"
      },
      {
        "revenue": 13683320,
        "netIncome": -3189890,
        "period": "2019A",
        "fPeriodEndDate": 43646,
        "curCode": "AUD"
      }
    ]
  },
  {
    "symbol": "PME",
    "displayName": "PRO MEDICUS LIMITED",
    "industry": "Health Care Equipment & Services",
    "dateListed": "2000-10-10",
    "marketCap": 5941150873,
    "xid": "230995",
    "priceChangeFiveDayPercent": -2.1269296740994768,
    "isRecentListing": false,
    "priceAsk": 58,
    "priceBid": 56.43,
    "priceChange": 0.1700000000000017,
    "priceChangePercent": 0.29882228862717825,
    "priceLast": 57.06,
    "sector": "Health Care",
    "industryGroup": "Health Care Equipment & Services",
    "securityType": 1,
    "volume": 199536,
    "statusCode": "",
    "isin": "AU000000PME8",
    "priceClose": 56.89,
    "priceDayHigh": 57.72,
    "priceDayLow": 56.51,
    "priceFiftyTwoWeekHigh": 64,
    "priceFiftyTwoWeekLow": 36.54,
    "volumeAverage": 168330.597826,
    "dateExDate": "2022-09-08",
    "datePayDate": "2022-09-30",
    "dateRecordDate": "2022-09-09",
    "dividend": 0.12,
    "dividendType": "F",
    "frankingPercent": 100,
    "cashFlow": 33.765,
    "earningsPerShare": 0.4249,
    "freeCashFlowYield": 0.008711780330716606,
    "priceEarningsRatio": 133.8903,
    "priceToCash": 114.7871,
    "foreignExempt": false,
    "shareDescription": "Ordinary Fully Paid",
    "numOfShares": 104432253,
    "yieldAnnual": 0.3855590606379249,
    "incomeStatement": [
      {
        "revenue": 94110000,
        "netIncome": 44442000,
        "period": "2022A",
        "fPeriodEndDate": 44742,
        "curCode": "AUD"
      },
      {
        "revenue": 68064000,
        "netIncome": 30850000,
        "period": "2021A",
        "fPeriodEndDate": 44377,
        "curCode": "AUD"
      },
      {
        "revenue": 56993000,
        "netIncome": 23076000,
        "period": "2020A",
        "fPeriodEndDate": 44012,
        "curCode": "AUD"
      },
      {
        "revenue": 50349000,
        "netIncome": 19125000,
        "period": "2019A",
        "fPeriodEndDate": 43646,
        "curCode": "AUD"
      }
    ]
  },
  {
    "symbol": "RHC",
    "displayName": "RAMSAY HEALTH CARE LIMITED",
    "industry": "Health Care Equipment & Services",
    "dateListed": "1997-09-24",
    "marketCap": 15048972104,
    "xid": "241823",
    "priceChangeFiveDayPercent": 0.2132196162046917,
    "isRecentListing": false,
    "priceAsk": 65.93,
    "priceBid": 65.7,
    "priceChange": 0.04999999999999716,
    "priceChangePercent": 0.07604562737642154,
    "priceLast": 65.8,
    "sector": "Health Care",
    "industryGroup": "Health Care Equipment & Services",
    "securityType": 1,
    "volume": 705669,
    "statusCode": "",
    "isin": "AU000000RHC8",
    "priceClose": 65.75,
    "priceDayHigh": 67.41,
    "priceDayLow": 65.77,
    "priceFiftyTwoWeekHigh": 84.58,
    "priceFiftyTwoWeekLow": 55.73,
    "volumeAverage": 618504.467391,
    "dateExDate": "2022-09-05",
    "datePayDate": "2022-09-29",
    "dateRecordDate": "2022-09-06",
    "dividend": 0.485,
    "dividendType": "F",
    "frankingPercent": 100,
    "cashFlow": -344.9,
    "earningsPerShare": 1.12537,
    "freeCashFlowYield": 0.08645112096846004,
    "priceEarningsRatio": 58.42523,
    "priceToCash": 11.56723,
    "foreignExempt": false,
    "shareDescription": "Ordinary Fully Paid",
    "numOfShares": 228881705,
    "yieldAnnual": 1.4741641337386018,
    "incomeStatement": [
      {
        "revenue": 13210200000,
        "netIncome": 274000000,
        "period": "2022A",
        "fPeriodEndDate": 44742,
        "curCode": "AUD"
      },
      {
        "revenue": 12442600000,
        "netIncome": 449000000,
        "period": "2021A",
        "fPeriodEndDate": 44377,
        "curCode": "AUD"
      },
      {
        "revenue": 11983400000,
        "netIncome": 284000000,
        "period": "2020A",
        "fPeriodEndDate": 44012,
        "curCode": "AUD"
      },
      {
        "revenue": 11559471000,
        "netIncome": 545473000,
        "period": "2019A",
        "fPeriodEndDate": 43646,
        "curCode": "AUD"
      }
    ]
  },
  {
    "symbol": "REG",
    "displayName": "REGIS HEALTHCARE LIMITED",
    "industry": "Health Care Equipment & Services",
    "dateListed": "2014-10-07",
    "marketCap": 601816248,
    "xid": "79146127",
    "priceChangeFiveDayPercent": 0.5000000000000115,
    "isRecentListing": false,
    "priceAsk": 2.05,
    "priceBid": 1.96,
    "priceChange": 0.010000000000000231,
    "priceChangePercent": 0.5000000000000115,
    "priceLast": 2.0100000000000002,
    "sector": "Health Care",
    "industryGroup": "Health Care Equipment & Services",
    "securityType": 1,
    "volume": 128443,
    "statusCode": "",
    "isin": "AU000000REG6",
    "priceClose": 2,
    "priceDayHigh": 2.05,
    "priceDayLow": 1.97,
    "priceFiftyTwoWeekHigh": 2.47,
    "priceFiftyTwoWeekLow": 1.65,
    "volumeAverage": 118273.967391,
    "dateExDate": "2022-09-15",
    "datePayDate": "2022-09-30",
    "dateRecordDate": "2022-09-16",
    "dividend": 0.0232,
    "dividendType": "F",
    "frankingPercent": 50,
    "cashFlow": 43.084,
    "earningsPerShare": -0.12898,
    "freeCashFlowYield": 0.10685655789381451,
    "priceEarningsRatio": -99999.99,
    "priceToCash": 9.35834,
    "foreignExempt": false,
    "shareDescription": "Ordinary Fully Paid",
    "numOfShares": 300908124,
    "yieldAnnual": 2.9054726368159205,
    "incomeStatement": [
      {
        "revenue": 787786000,
        "netIncome": -38799000,
        "period": "2022A",
        "fPeriodEndDate": 44742,
        "curCode": "AUD"
      },
      {
        "revenue": 752642000,
        "netIncome": 19949000,
        "period": "2021A",
        "fPeriodEndDate": 44377,
        "curCode": "AUD"
      },
      {
        "revenue": 744961000,
        "netIncome": -716000,
        "period": "2020A",
        "fPeriodEndDate": 44012,
        "curCode": "AUD"
      },
      {
        "revenue": 647073000,
        "netIncome": 50897000,
        "period": "2019A",
        "fPeriodEndDate": 43646,
        "curCode": "AUD"
      }
    ]
  },
  {
    "symbol": "RMD",
    "displayName": "RESMED INC",
    "industry": "Health Care Equipment & Services",
    "dateListed": "1999-11-25",
    "marketCap": 47740788875,
    "xid": "243138",
    "priceChangeFiveDayPercent": 0.30459945172099123,
    "isRecentListing": false,
    "priceAsk": 33.02,
    "priceBid": 32.85,
    "priceChange": 0.4299999999999997,
    "priceChangePercent": 1.3230769230769222,
    "priceLast": 32.93,
    "sector": "Health Care",
    "industryGroup": "Health Care Equipment & Services",
    "securityType": 1,
    "volume": 609844,
    "statusCode": "XD",
    "isin": "AU000000RMD6",
    "priceClose": 32.5,
    "priceDayHigh": 33.05,
    "priceDayLow": 32.54,
    "priceFiftyTwoWeekHigh": 37.07,
    "priceFiftyTwoWeekLow": 27.37,
    "volumeAverage": 1138838.369565,
    "dateExDate": "2022-11-09",
    "datePayDate": "2022-12-15",
    "dateRecordDate": "2022-11-10",
    "dividend": 0.0466,
    "dividendType": "I",
    "frankingPercent": 0,
    "cashFlow": 56.267,
    "earningsPerShare": 5.34699,
    "freeCashFlowYield": 0.02878023327530279,
    "priceEarningsRatio": 41.83662,
    "priceToCash": 34.74607,
    "foreignExempt": true,
    "shareDescription": "Cdi 10:1 Foreign Exempt Nyse",
    "numOfShares": 1468947350,
    "yieldAnnual": 0.5314303067112055,
    "incomeStatement": [
      {
        "revenue": 3578127000,
        "netIncome": 779437000,
        "period": "2022A",
        "fPeriodEndDate": 44742,
        "curCode": "USD"
      },
      {
        "revenue": 3196825000,
        "netIncome": 474505000,
        "period": "2021A",
        "fPeriodEndDate": 44377,
        "curCode": "USD"
      },
      {
        "revenue": 2957013000,
        "netIncome": 621674000,
        "period": "2020A",
        "fPeriodEndDate": 44012,
        "curCode": "USD"
      },
      {
        "revenue": 2606572000,
        "netIncome": 404592000,
        "period": "2019A",
        "fPeriodEndDate": 43646,
        "curCode": "USD"
      }
    ]
  },
  {
    "symbol": "RHT",
    "displayName": "RESONANCE HEALTH LIMITED",
    "industry": "Health Care Equipment & Services",
    "dateListed": "1987-10-23",
    "marketCap": 25363228,
    "xid": "54753410",
    "priceChangeFiveDayPercent": -3.63636363636364,
    "isRecentListing": false,
    "priceAsk": 0.053,
    "priceBid": 0.052000000000000005,
    "priceChange": -0.0020000000000000018,
    "priceChangePercent": -3.63636363636364,
    "priceLast": 0.053,
    "sector": "Health Care",
    "industryGroup": "Health Care Equipment & Services",
    "securityType": 1,
    "volume": 191051,
    "statusCode": "",
    "isin": "AU000000RHT2",
    "priceClose": 0.055,
    "priceDayHigh": 0.053,
    "priceDayLow": 0.052000000000000005,
    "priceFiftyTwoWeekHigh": 0.2,
    "priceFiftyTwoWeekLow": 0.051,
    "volumeAverage": 138022.43662,
    "cashFlow": -2.15914,
    "earningsPerShare": -0.00244,
    "freeCashFlowYield": -0.0000100000010000001,
    "priceEarningsRatio": -99999.99,
    "priceToCash": -99999.99,
    "foreignExempt": false,
    "shareDescription": "Ordinary Fully Paid",
    "numOfShares": 461149601,
    "yieldAnnual": 0,
    "incomeStatement": [
      {
        "revenue": 3831300,
        "netIncome": -1141780,
        "period": "2022A",
        "fPeriodEndDate": 44742,
        "curCode": "AUD"
      },
      {
        "revenue": 3816400,
        "netIncome": 585860,
        "period": "2021A",
        "fPeriodEndDate": 44377,
        "curCode": "AUD"
      },
      {
        "revenue": 3709500,
        "netIncome": -715080,
        "period": "2020A",
        "fPeriodEndDate": 44012,
        "curCode": "AUD"
      },
      {
        "revenue": 3661770,
        "netIncome": 1270230,
        "period": "2019A",
        "fPeriodEndDate": 43646,
        "curCode": "AUD"
      }
    ]
  },
  {
    "symbol": "RSH",
    "displayName": "RESPIRI LIMITED",
    "industry": "Health Care Equipment & Services",
    "dateListed": "2000-07-14",
    "marketCap": 32049454,
    "xid": "247339",
    "priceChangeFiveDayPercent": 10.526315789473694,
    "isRecentListing": false,
    "priceAsk": 0.042,
    "priceBid": 0.04,
    "priceChange": 0.0020000000000000018,
    "priceChangePercent": 5.000000000000004,
    "priceLast": 0.042,
    "sector": "Health Care",
    "industryGroup": "Health Care Equipment & Services",
    "securityType": 1,
    "volume": 255121,
    "statusCode": "",
    "isin": "AU000000RSH4",
    "priceClose": 0.04,
    "priceDayHigh": 0.042,
    "priceDayLow": 0.041,
    "priceFiftyTwoWeekHigh": 0.069,
    "priceFiftyTwoWeekLow": 0.032,
    "volumeAverage": 258491.275,
    "cashFlow": -8.47985,
    "earningsPerShare": -0.00908,
    "freeCashFlowYield": -0.0000100000010000001,
    "priceEarningsRatio": -99999.99,
    "priceToCash": -99999.99,
    "foreignExempt": false,
    "shareDescription": "Ordinary Fully Paid",
    "numOfShares": 801236346,
    "yieldAnnual": 0,
    "incomeStatement": [
      {
        "revenue": 779070,
        "netIncome": -6624310,
        "period": "2022A",
        "fPeriodEndDate": 44742,
        "curCode": "AUD"
      },
      {
        "revenue": 1437350,
        "netIncome": -11040350,
        "period": "2021A",
        "fPeriodEndDate": 44377,
        "curCode": "AUD"
      },
      {
        "revenue": 2206970,
        "netIncome": -7260940,
        "period": "2020A",
        "fPeriodEndDate": 44012,
        "curCode": "AUD"
      },
      {
        "revenue": 1031390,
        "netIncome": -8474590,
        "period": "2019A",
        "fPeriodEndDate": 43646,
        "curCode": "AUD"
      }
    ]
  },
  {
    "symbol": "RHY",
    "displayName": "RHYTHM BIOSCIENCES LIMITED",
    "industry": "Health Care Equipment & Services",
    "dateListed": "2017-12-07",
    "marketCap": 217167589,
    "xid": "442189459",
    "priceChangeFiveDayPercent": -13.901345291479824,
    "isRecentListing": false,
    "priceAsk": 1,
    "priceBid": 0.96,
    "priceChange": -0.040000000000000036,
    "priceChangePercent": -4.0000000000000036,
    "priceLast": 0.96,
    "sector": "Health Care",
    "industryGroup": "Health Care Equipment & Services",
    "securityType": 1,
    "volume": 200933,
    "statusCode": "",
    "isin": "AU000000RHY2",
    "priceClose": 1,
    "priceDayHigh": 1.0150000000000001,
    "priceDayLow": 0.9500000000000001,
    "priceFiftyTwoWeekHigh": 1.9,
    "priceFiftyTwoWeekLow": 0.95,
    "volumeAverage": 153695.413043,
    "cashFlow": -6.52341,
    "earningsPerShare": -0.04187,
    "freeCashFlowYield": -0.0000100000010000001,
    "priceEarningsRatio": -99999.99,
    "priceToCash": -99999.99,
    "foreignExempt": false,
    "shareDescription": "Ordinary Fully Paid",
    "numOfShares": 217167589,
    "yieldAnnual": 0,
    "incomeStatement": [
      {
        "revenue": 24970,
        "netIncome": -8793520,
        "period": "2022A",
        "fPeriodEndDate": 44742,
        "curCode": "AUD"
      },
      {
        "revenue": 13970,
        "netIncome": -6612150,
        "period": "2021A",
        "fPeriodEndDate": 44377,
        "curCode": "AUD"
      },
      {
        "revenue": 46270,
        "netIncome": -4022980,
        "period": "2020A",
        "fPeriodEndDate": 44012,
        "curCode": "AUD"
      },
      {
        "revenue": 141070,
        "netIncome": -2546160,
        "period": "2019A",
        "fPeriodEndDate": 43646,
        "curCode": "AUD"
      }
    ]
  },
  {
    "symbol": "SDI",
    "displayName": "SDI LIMITED",
    "industry": "Health Care Equipment & Services",
    "dateListed": "1985-11-07",
    "marketCap": 102224356,
    "xid": "250201",
    "priceChangeFiveDayPercent": -1.1494252873563229,
    "isRecentListing": false,
    "priceAsk": 0.88,
    "priceBid": 0.86,
    "priceChange": 0,
    "priceChangePercent": 0,
    "priceLast": 0.86,
    "sector": "Health Care",
    "industryGroup": "Health Care Equipment & Services",
    "securityType": 1,
    "volume": 0,
    "statusCode": "",
    "isin": "AU000000SDI2",
    "priceClose": 0.86,
    "priceFiftyTwoWeekHigh": 1.05,
    "priceFiftyTwoWeekLow": 0.73,
    "volumeAverage": 22837.131579,
    "dateExDate": "2022-09-02",
    "datePayDate": "2022-09-19",
    "dateRecordDate": "2022-09-05",
    "dividend": 0.0175,
    "dividendType": "F",
    "frankingPercent": 100,
    "cashFlow": -3.805,
    "earningsPerShare": 0.06125,
    "freeCashFlowYield": 0.11606825742082405,
    "priceEarningsRatio": 14.04082,
    "priceToCash": 8.61562,
    "foreignExempt": false,
    "shareDescription": "Ordinary Fully Paid",
    "numOfShares": 118865530,
    "yieldAnnual": 3.779069767441861,
    "incomeStatement": [
      {
        "revenue": 95151000,
        "netIncome": 7281000,
        "period": "2022A",
        "fPeriodEndDate": 44742,
        "curCode": "AUD"
      },
      {
        "revenue": 81647000,
        "netIncome": 8941000,
        "period": "2021A",
        "fPeriodEndDate": 44377,
        "curCode": "AUD"
      },
      {
        "revenue": 67374000,
        "netIncome": 4237000,
        "period": "2020A",
        "fPeriodEndDate": 44012,
        "curCode": "AUD"
      },
      {
        "revenue": 79598000,
        "netIncome": 7329000,
        "period": "2019A",
        "fPeriodEndDate": 43646,
        "curCode": "AUD"
      }
    ]
  },
  {
    "symbol": "SIG",
    "displayName": "SIGMA HEALTHCARE LIMITED",
    "industry": "Health Care Equipment & Services",
    "dateListed": "2002-10-30",
    "marketCap": 635565850,
    "xid": "55666",
    "priceChangeFiveDayPercent": 0,
    "isRecentListing": false,
    "priceAsk": 0.62,
    "priceBid": 0.605,
    "priceChange": 0.010000000000000009,
    "priceChangePercent": 1.6666666666666683,
    "priceLast": 0.61,
    "sector": "Health Care",
    "industryGroup": "Health Care Equipment & Services",
    "securityType": 1,
    "volume": 798285,
    "statusCode": "",
    "isin": "AU000000SIG5",
    "priceClose": 0.6,
    "priceDayHigh": 0.61,
    "priceDayLow": 0.5700000000000001,
    "priceFiftyTwoWeekHigh": 0.735,
    "priceFiftyTwoWeekLow": 0.425,
    "volumeAverage": 2689673.097826,
    "dateExDate": "2022-09-29",
    "datePayDate": "2022-10-12",
    "dateRecordDate": "2022-09-30",
    "dividend": 0.005,
    "dividendType": "I",
    "frankingPercent": 100,
    "cashFlow": 15.863,
    "earningsPerShare": -0.00819,
    "freeCashFlowYield": 0.03662091493693879,
    "priceEarningsRatio": -99999.99,
    "priceToCash": 27.3068,
    "foreignExempt": false,
    "shareDescription": "Ordinary Fully Paid",
    "numOfShares": 1059276416,
    "yieldAnnual": 2.459016393442623,
    "incomeStatement": [
      {
        "revenue": 3560306000,
        "netIncome": -7239000,
        "period": "2022A",
        "fPeriodEndDate": 44592,
        "curCode": "AUD"
      },
      {
        "revenue": 3509417000,
        "netIncome": 43529000,
        "period": "2021A",
        "fPeriodEndDate": 44227,
        "curCode": "AUD"
      },
      {
        "revenue": 3343513000,
        "netIncome": -12330000,
        "period": "2020A",
        "fPeriodEndDate": 43861,
        "curCode": "AUD"
      },
      {
        "revenue": 4075156000,
        "netIncome": 36520000,
        "period": "2019A",
        "fPeriodEndDate": 43496,
        "curCode": "AUD"
      }
    ]
  },
  {
    "symbol": "SLA",
    "displayName": "SILK LASER AUSTRALIA LIMITED",
    "industry": "Health Care Equipment & Services",
    "dateListed": "2020-12-15",
    "marketCap": 96414936,
    "xid": "631596147",
    "priceChangeFiveDayPercent": -5.641025641025635,
    "isRecentListing": false,
    "priceAsk": 1.85,
    "priceBid": 1.82,
    "priceChange": 0.025000000000000133,
    "priceChangePercent": 1.3774104683195667,
    "priceLast": 1.84,
    "sector": "Health Care",
    "industryGroup": "Health Care Equipment & Services",
    "securityType": 1,
    "volume": 7464,
    "statusCode": "",
    "isin": "AU0000121618",
    "priceClose": 1.815,
    "priceDayHigh": 1.845,
    "priceDayLow": 1.825,
    "priceFiftyTwoWeekHigh": 4.69,
    "priceFiftyTwoWeekLow": 1.73,
    "volumeAverage": 52152.824176,
    "cashFlow": 8.707,
    "earningsPerShare": 0.12084,
    "freeCashFlowYield": 0.15364830210943756,
    "priceEarningsRatio": 15.01986,
    "priceToCash": 6.50837,
    "foreignExempt": false,
    "shareDescription": "Ordinary Fully Paid",
    "numOfShares": 53121177,
    "yieldAnnual": 0,
    "incomeStatement": [
      {
        "revenue": 81322000,
        "netIncome": 6388000,
        "period": "2022A",
        "fPeriodEndDate": 44742,
        "curCode": "AUD"
      },
      {
        "revenue": 58878000,
        "netIncome": 5018000,
        "period": "2021A",
        "fPeriodEndDate": 44377,
        "curCode": "AUD"
      },
      {
        "revenue": 29049190,
        "netIncome": 2201550,
        "period": "2020A",
        "fPeriodEndDate": 44012,
        "curCode": "AUD"
      },
      {
        "revenue": 24081730,
        "netIncome": -1100430,
        "period": "2019A",
        "fPeriodEndDate": 43646,
        "curCode": "AUD"
      }
    ]
  },
  {
    "symbol": "SHG",
    "displayName": "SINGULAR HEALTH GROUP LTD",
    "industry": "Health Care Equipment & Services",
    "dateListed": "2021-02-12",
    "marketCap": 13363853,
    "xid": "635625997",
    "priceChangeFiveDayPercent": -3.703703703703707,
    "isRecentListing": false,
    "priceAsk": 0.13,
    "priceBid": 0.115,
    "priceChange": 0,
    "priceChangePercent": 0,
    "priceLast": 0.13,
    "sector": "Health Care",
    "industryGroup": "Health Care Equipment & Services",
    "securityType": 1,
    "volume": 55,
    "statusCode": "",
    "isin": "AU0000129892",
    "priceClose": 0.13,
    "priceDayHigh": 0.13,
    "priceDayLow": 0.13,
    "priceFiftyTwoWeekHigh": 0.36,
    "priceFiftyTwoWeekLow": 0.09,
    "volumeAverage": 92213.278481,
    "cashFlow": -2.91756,
    "earningsPerShare": -0.05823,
    "freeCashFlowYield": -0.0000100000010000001,
    "priceEarningsRatio": -99999.99,
    "priceToCash": -99999.99,
    "foreignExempt": false,
    "shareDescription": "Ordinary Fully Paid",
    "numOfShares": 102798867,
    "yieldAnnual": 0,
    "incomeStatement": [
      {
        "revenue": 425390,
        "netIncome": -5986020,
        "period": "2022A",
        "fPeriodEndDate": 44742,
        "curCode": "AUD"
      },
      {
        "revenue": 460670,
        "netIncome": -4456100,
        "period": "2021A",
        "fPeriodEndDate": 44377,
        "curCode": "AUD"
      },
      {
        "revenue": 127930,
        "netIncome": -707590,
        "period": "2020A",
        "fPeriodEndDate": 44012,
        "curCode": "AUD"
      }
    ]
  },
  {
    "symbol": "SOM",
    "displayName": "SOMNOMED LIMITED",
    "industry": "Health Care Equipment & Services",
    "dateListed": "2004-08-27",
    "marketCap": 107587110,
    "xid": "257621",
    "priceChangeFiveDayPercent": -10.294117647058831,
    "isRecentListing": false,
    "priceAsk": 1.235,
    "priceBid": 1.22,
    "priceChange": -0.08000000000000007,
    "priceChangePercent": -6.1538461538461595,
    "priceLast": 1.22,
    "sector": "Health Care",
    "industryGroup": "Health Care Equipment & Services",
    "securityType": 1,
    "volume": 2494,
    "statusCode": "",
    "isin": "AU000000SOM1",
    "priceClose": 1.3,
    "priceDayHigh": 1.25,
    "priceDayLow": 1.22,
    "priceFiftyTwoWeekHigh": 2.35,
    "priceFiftyTwoWeekLow": 1.115,
    "volumeAverage": 32542.492754,
    "cashFlow": -6.93064,
    "earningsPerShare": -0.05633,
    "freeCashFlowYield": -0.0000100000010000001,
    "priceEarningsRatio": -99999.99,
    "priceToCash": -99999.99,
    "foreignExempt": false,
    "shareDescription": "Ordinary Fully Paid",
    "numOfShares": 82759315,
    "yieldAnnual": 0,
    "incomeStatement": [
      {
        "revenue": 72580830,
        "netIncome": -4436970,
        "period": "2022A",
        "fPeriodEndDate": 44742,
        "curCode": "AUD"
      },
      {
        "revenue": 62710310,
        "netIncome": -1193010,
        "period": "2021A",
        "fPeriodEndDate": 44377,
        "curCode": "AUD"
      },
      {
        "revenue": 57309100,
        "netIncome": -1118540,
        "period": "2020A",
        "fPeriodEndDate": 44012,
        "curCode": "AUD"
      },
      {
        "revenue": 58920490,
        "netIncome": -16437670,
        "period": "2019A",
        "fPeriodEndDate": 43646,
        "curCode": "AUD"
      }
    ]
  },
  {
    "symbol": "SHL",
    "displayName": "SONIC HEALTHCARE LIMITED",
    "industry": "Health Care Equipment & Services",
    "dateListed": "1987-04-30",
    "marketCap": 14734417910,
    "xid": "252792",
    "priceChangeFiveDayPercent": 0.19455252918288676,
    "isRecentListing": false,
    "priceAsk": 30.95,
    "priceBid": 30.86,
    "priceChange": 0.26000000000000156,
    "priceChangePercent": 0.8485639686684124,
    "priceLast": 30.900000000000002,
    "sector": "Health Care",
    "industryGroup": "Health Care Equipment & Services",
    "securityType": 1,
    "volume": 1049184,
    "statusCode": "",
    "isin": "AU000000SHL7",
    "priceClose": 30.64,
    "priceDayHigh": 31.055,
    "priceDayLow": 30.66,
    "priceFiftyTwoWeekHigh": 46.95,
    "priceFiftyTwoWeekLow": 29.37,
    "volumeAverage": 1126698.967391,
    "dateExDate": "2022-09-06",
    "datePayDate": "2022-09-21",
    "dateRecordDate": "2022-09-07",
    "dividend": 0.6,
    "dividendType": "F",
    "frankingPercent": 100,
    "cashFlow": 1391.835,
    "earningsPerShare": 3.02331,
    "freeCashFlowYield": 0.14869158836815444,
    "priceEarningsRatio": 10.13459,
    "priceToCash": 6.72533,
    "foreignExempt": false,
    "shareDescription": "Ordinary Fully Paid",
    "numOfShares": 480888313,
    "yieldAnnual": 3.236245954692557,
    "incomeStatement": [
      {
        "revenue": 9340154000,
        "netIncome": 1460566000,
        "period": "2022A",
        "fPeriodEndDate": 44742,
        "curCode": "AUD"
      },
      {
        "revenue": 8754123000,
        "netIncome": 1315040000,
        "period": "2021A",
        "fPeriodEndDate": 44377,
        "curCode": "AUD"
      },
      {
        "revenue": 6831843000,
        "netIncome": 527749000,
        "period": "2020A",
        "fPeriodEndDate": 44012,
        "curCode": "AUD"
      },
      {
        "revenue": 6133671000,
        "netIncome": 549725000,
        "period": "2019A",
        "fPeriodEndDate": 43646,
        "curCode": "AUD"
      }
    ]
  },
  {
    "symbol": "SNZ",
    "displayName": "SUMMERSET GROUP HOLDINGS LIMITED",
    "industry": "Health Care Equipment & Services",
    "dateListed": "2013-07-18",
    "marketCap": 2040307498,
    "xid": "59528586",
    "priceChangeFiveDayPercent": -3.8503850385038465,
    "isRecentListing": false,
    "priceAsk": 9,
    "priceBid": 8.700000000000001,
    "priceChange": -0.05000000000000071,
    "priceChangePercent": -0.5688282138794164,
    "priceLast": 8.74,
    "sector": "Health Care",
    "industryGroup": "Health Care Equipment & Services",
    "securityType": 1,
    "volume": 92,
    "statusCode": "",
    "isin": "NZSUME0001S0",
    "priceClose": 8.790000000000001,
    "priceDayHigh": 8.74,
    "priceDayLow": 8.74,
    "priceFiftyTwoWeekHigh": 13.25,
    "priceFiftyTwoWeekLow": 8.2,
    "volumeAverage": 2007.935065,
    "dateExDate": "2022-09-05",
    "datePayDate": "2022-09-19",
    "dateRecordDate": "2022-09-06",
    "dividend": 0.0816,
    "dividendType": "F",
    "frankingPercent": 0,
    "cashFlow": 279.03,
    "earningsPerShare": 1.79272,
    "freeCashFlowYield": 0.19959840800309778,
    "priceEarningsRatio": 5.1486,
    "priceToCash": 5.01006,
    "foreignExempt": true,
    "shareDescription": "Ordinary Fully Paid Foreign Exempt Nzx",
    "numOfShares": 232116894,
    "yieldAnnual": 1.8558352402745997,
    "incomeStatement": [
      {
        "revenue": 205349000,
        "netIncome": 543664000,
        "period": "2021A",
        "fPeriodEndDate": 44561,
        "curCode": "NZD"
      },
      {
        "revenue": 172422000,
        "netIncome": 230776000,
        "period": "2020A",
        "fPeriodEndDate": 44196,
        "curCode": "NZD"
      },
      {
        "revenue": 153946000,
        "netIncome": 175262000,
        "period": "2019A",
        "fPeriodEndDate": 43830,
        "curCode": "NZD"
      },
      {
        "revenue": 137017000,
        "netIncome": 214503000,
        "period": "2018A",
        "fPeriodEndDate": 43465,
        "curCode": "NZD"
      }
    ]
  },
  {
    "symbol": "TD1",
    "displayName": "TALI DIGITAL LIMITED",
    "industry": "Health Care Equipment & Services",
    "dateListed": "2004-09-23",
    "marketCap": 4252575,
    "xid": "55399",
    "priceChangeFiveDayPercent": -20,
    "isRecentListing": false,
    "priceAsk": 0.003,
    "priceBid": 0.002,
    "priceChange": -0.001,
    "priceChangePercent": -33.333333333333336,
    "priceLast": 0.002,
    "sector": "Health Care",
    "industryGroup": "Health Care Equipment & Services",
    "securityType": 1,
    "volume": 19339860,
    "statusCode": "",
    "isin": "AU0000074221",
    "priceClose": 0.003,
    "priceDayHigh": 0.0025,
    "priceDayLow": 0.002,
    "priceFiftyTwoWeekHigh": 0.02227,
    "priceFiftyTwoWeekLow": 0.00167,
    "volumeAverage": 2870639.672604,
    "cashFlow": -4.34078,
    "earningsPerShare": -0.00571,
    "freeCashFlowYield": -0.0000100000010000001,
    "priceEarningsRatio": -99999.99,
    "priceToCash": -99999.99,
    "foreignExempt": false,
    "shareDescription": "Ordinary Fully Paid",
    "numOfShares": 1417525101,
    "yieldAnnual": 0,
    "incomeStatement": [
      {
        "revenue": 881420,
        "netIncome": -6936130,
        "period": "2022A",
        "fPeriodEndDate": 44742,
        "curCode": "AUD"
      },
      {
        "revenue": 548910,
        "netIncome": -4858270,
        "period": "2021A",
        "fPeriodEndDate": 44377,
        "curCode": "AUD"
      },
      {
        "revenue": 621940,
        "netIncome": -3397940,
        "period": "2020A",
        "fPeriodEndDate": 44012,
        "curCode": "AUD"
      },
      {
        "revenue": 913870,
        "netIncome": -2944440,
        "period": "2019A",
        "fPeriodEndDate": 43646,
        "curCode": "AUD"
      }
    ]
  },
  {
    "symbol": "TD1N",
    "displayName": "TALI DIGITAL LIMITED",
    "industry": "Health Care Equipment & Services",
    "dateListed": "2004-09-23",
    "marketCap": 4252575,
    "xid": "771502573",
    "priceChangeFiveDayPercent": 0,
    "isRecentListing": false,
    "priceChange": 0,
    "priceChangePercent": 0,
    "priceLast": 0,
    "sector": "Health Care",
    "industryGroup": "Health Care Equipment & Services",
    "securityType": 1,
    "volume": 0,
    "statusCode": "",
    "isin": "AU0000252116",
    "priceClose": 0,
    "priceFiftyTwoWeekHigh": 0,
    "priceFiftyTwoWeekLow": 0,
    "cashFlow": -4.34078,
    "earningsPerShare": -0.00571,
    "freeCashFlowYield": -0.0000100000010000001,
    "priceEarningsRatio": -99999.99,
    "priceToCash": -99999.99,
    "foreignExempt": false,
    "shareDescription": "Ordinary Fully Paid Deferred",
    "numOfShares": 1417525101,
    "yieldAnnual": -32768,
    "incomeStatement": [
      {
        "revenue": 881420,
        "netIncome": -6936130,
        "period": "2022A",
        "fPeriodEndDate": 44742,
        "curCode": "AUD"
      },
      {
        "revenue": 548910,
        "netIncome": -4858270,
        "period": "2021A",
        "fPeriodEndDate": 44377,
        "curCode": "AUD"
      },
      {
        "revenue": 621940,
        "netIncome": -3397940,
        "period": "2020A",
        "fPeriodEndDate": 44012,
        "curCode": "AUD"
      },
      {
        "revenue": 913870,
        "netIncome": -2944440,
        "period": "2019A",
        "fPeriodEndDate": 43646,
        "curCode": "AUD"
      }
    ]
  },
  {
    "symbol": "TTB",
    "displayName": "TOTAL BRAIN LIMITED",
    "industry": "Health Care Equipment & Services",
    "dateListed": "2001-08-28",
    "marketCap": 5348845,
    "xid": "65506",
    "priceChangeFiveDayPercent": 0,
    "isRecentListing": false,
    "priceAsk": 0.042,
    "priceBid": 0.04,
    "priceChange": 0,
    "priceChangePercent": 0,
    "priceLast": 0.04,
    "sector": "Health Care",
    "industryGroup": "Health Care Equipment & Services",
    "securityType": 1,
    "volume": 0,
    "statusCode": "",
    "isin": "AU0000032435",
    "priceClose": 0.04,
    "priceFiftyTwoWeekHigh": 0.155,
    "priceFiftyTwoWeekLow": 0.0375,
    "volumeAverage": 236084.953846,
    "cashFlow": -8.4467,
    "earningsPerShare": -0.1096,
    "freeCashFlowYield": -0.0000100000010000001,
    "priceEarningsRatio": -99999.99,
    "priceToCash": -99999.99,
    "foreignExempt": false,
    "shareDescription": "Ordinary Fully Paid",
    "numOfShares": 133721131,
    "yieldAnnual": 0,
    "incomeStatement": [
      {
        "revenue": 8415700,
        "netIncome": -14496720,
        "period": "2022A",
        "fPeriodEndDate": 44742,
        "curCode": "AUD"
      },
      {
        "revenue": 3695080,
        "netIncome": -8316770,
        "period": "2021A",
        "fPeriodEndDate": 44377,
        "curCode": "AUD"
      },
      {
        "revenue": 3892260,
        "netIncome": -7647540,
        "period": "2020A",
        "fPeriodEndDate": 44012,
        "curCode": "AUD"
      },
      {
        "revenue": 2623400,
        "netIncome": -8570750,
        "period": "2019A",
        "fPeriodEndDate": 43646,
        "curCode": "AUD"
      }
    ]
  },
  {
    "symbol": "TRU",
    "displayName": "TRUSCREEN GROUP LIMITED",
    "industry": "Health Care Equipment & Services",
    "dateListed": "2021-01-06",
    "marketCap": 13426051,
    "xid": "631399129",
    "priceChangeFiveDayPercent": 2.7027027027027053,
    "isRecentListing": false,
    "priceAsk": 0.038,
    "priceBid": 0.036000000000000004,
    "priceChange": 0.0010000000000000009,
    "priceChangePercent": 2.7027027027027053,
    "priceLast": 0.038,
    "sector": "Health Care",
    "industryGroup": "Health Care Equipment & Services",
    "securityType": 1,
    "volume": 34525,
    "statusCode": "",
    "isin": "NZTRUE0001S7",
    "priceClose": 0.037,
    "priceDayHigh": 0.038,
    "priceDayLow": 0.038,
    "priceFiftyTwoWeekHigh": 0.081,
    "priceFiftyTwoWeekLow": 0.035,
    "volumeAverage": 87913.26,
    "cashFlow": -2.03026,
    "earningsPerShare": -0.02148,
    "freeCashFlowYield": -0.0000100000010000001,
    "priceEarningsRatio": -99999.99,
    "priceToCash": -99999.99,
    "foreignExempt": true,
    "shareDescription": "Ordinary Fully Paid Foreign Exempt Nzx",
    "numOfShares": 362866253,
    "yieldAnnual": 0,
    "incomeStatement": [
      {
        "revenue": 1678470,
        "netIncome": -7892670,
        "period": "2022A",
        "fPeriodEndDate": 44651,
        "curCode": "NZD"
      },
      {
        "revenue": 1132640,
        "netIncome": -3490010,
        "period": "2021A",
        "fPeriodEndDate": 44286,
        "curCode": "NZD"
      },
      {
        "revenue": 1288240,
        "netIncome": -5196720,
        "period": "2020A",
        "fPeriodEndDate": 43921,
        "curCode": "NZD"
      },
      {
        "revenue": 1862950,
        "netIncome": -3380450,
        "period": "2019A",
        "fPeriodEndDate": 43555,
        "curCode": "NZD"
      }
    ]
  },
  {
    "symbol": "UBI",
    "displayName": "UNIVERSAL BIOSENSORS INC.",
    "industry": "Health Care Equipment & Services",
    "dateListed": "2006-12-13",
    "marketCap": 48724220,
    "xid": "5980330",
    "priceChangeFiveDayPercent": -2.1276595744680753,
    "isRecentListing": false,
    "priceAsk": 0.23500000000000001,
    "priceBid": 0.225,
    "priceChange": 0,
    "priceChangePercent": 0,
    "priceLast": 0.23,
    "sector": "Health Care",
    "industryGroup": "Health Care Equipment & Services",
    "securityType": 1,
    "volume": 251351,
    "statusCode": "",
    "isin": "AU000000UBI2",
    "priceClose": 0.23,
    "priceDayHigh": 0.23500000000000001,
    "priceDayLow": 0.2275,
    "priceFiftyTwoWeekHigh": 1.035,
    "priceFiftyTwoWeekLow": 0.22,
    "volumeAverage": 197815.461538,
    "cashFlow": -15.68004,
    "earningsPerShare": -0.09817,
    "freeCashFlowYield": -0.0000100000010000001,
    "priceEarningsRatio": -99999.99,
    "priceToCash": -99999.99,
    "foreignExempt": false,
    "shareDescription": "Chess Depositary Interests 1:1",
    "numOfShares": 211844435,
    "yieldAnnual": 0,
    "incomeStatement": [
      {
        "revenue": 5777750,
        "netIncome": -10506940,
        "period": "2021A",
        "fPeriodEndDate": 44561,
        "curCode": "AUD"
      },
      {
        "revenue": 3202610,
        "netIncome": -7638020,
        "period": "2020A",
        "fPeriodEndDate": 44196,
        "curCode": "AUD"
      },
      {
        "revenue": 6897200,
        "netIncome": -4846290,
        "period": "2019A",
        "fPeriodEndDate": 43830,
        "curCode": "AUD"
      },
      {
        "revenue": 69456910,
        "netIncome": 37564360,
        "period": "2018A",
        "fPeriodEndDate": 43465,
        "curCode": "AUD"
      }
    ]
  },
  {
    "symbol": "UCM",
    "displayName": "USCOM LIMITED",
    "industry": "Health Care Equipment & Services",
    "dateListed": "2003-12-10",
    "marketCap": 10130430,
    "xid": "275565",
    "priceChangeFiveDayPercent": 1.3605674321386724e-14,
    "isRecentListing": false,
    "priceAsk": 0.051000000000000004,
    "priceBid": 0.044,
    "priceChange": 0,
    "priceChangePercent": 0,
    "priceLast": 0.051000000000000004,
    "sector": "Health Care",
    "industryGroup": "Health Care Equipment & Services",
    "securityType": 1,
    "volume": 0,
    "statusCode": "",
    "isin": "AU000000UCM2",
    "priceClose": 0.051000000000000004,
    "priceFiftyTwoWeekHigh": 0.13,
    "priceFiftyTwoWeekLow": 0.048,
    "volumeAverage": 67555.585366,
    "cashFlow": -1.08283,
    "earningsPerShare": -0.01152,
    "freeCashFlowYield": -0.0000100000010000001,
    "priceEarningsRatio": -99999.99,
    "priceToCash": -99999.99,
    "foreignExempt": false,
    "shareDescription": "Ordinary Fully Paid",
    "numOfShares": 198635884,
    "yieldAnnual": 0,
    "incomeStatement": [
      {
        "revenue": 3019600,
        "netIncome": -1972310,
        "period": "2022A",
        "fPeriodEndDate": 44742,
        "curCode": "AUD"
      },
      {
        "revenue": 4420410,
        "netIncome": -924240,
        "period": "2021A",
        "fPeriodEndDate": 44377,
        "curCode": "AUD"
      },
      {
        "revenue": 3998190,
        "netIncome": -1331340,
        "period": "2020A",
        "fPeriodEndDate": 44012,
        "curCode": "AUD"
      },
      {
        "revenue": 3590180,
        "netIncome": -1389400,
        "period": "2019A",
        "fPeriodEndDate": 43646,
        "curCode": "AUD"
      }
    ]
  },
  {
    "symbol": "VIP",
    "displayName": "VIP GLOVES LTD",
    "industry": "Health Care Equipment & Services",
    "dateListed": "1997-02-05",
    "marketCap": 2360344,
    "xid": "263735",
    "priceChangeFiveDayPercent": -25,
    "isRecentListing": false,
    "priceAsk": 0.003,
    "priceBid": 0.002,
    "priceChange": 0,
    "priceChangePercent": 0,
    "priceLast": 0.003,
    "sector": "Health Care",
    "industryGroup": "Health Care Equipment & Services",
    "securityType": 1,
    "volume": 1917,
    "statusCode": "",
    "isin": "AU000000VIP0",
    "priceClose": 0.003,
    "priceDayHigh": 0.003,
    "priceDayLow": 0.003,
    "priceFiftyTwoWeekHigh": 0.039,
    "priceFiftyTwoWeekLow": 0.003,
    "volumeAverage": 325595.773585,
    "dateExDate": "2021-09-29",
    "datePayDate": "2021-11-30",
    "dateRecordDate": "2021-09-30",
    "dividend": 0.0005,
    "dividendType": "F",
    "frankingPercent": 0,
    "cashFlow": -1.66343,
    "earningsPerShare": -0.00938,
    "freeCashFlowYield": -0.0000100000010000001,
    "priceEarningsRatio": -99999.99,
    "priceToCash": -99999.99,
    "foreignExempt": false,
    "shareDescription": "Ordinary Fully Paid",
    "numOfShares": 786781435,
    "yieldAnnual": 16.666666666666664,
    "incomeStatement": [
      {
        "revenue": 10814640,
        "netIncome": -7376930,
        "period": "2022A",
        "fPeriodEndDate": 44742,
        "curCode": "AUD"
      },
      {
        "revenue": 48155750,
        "netIncome": 4717410,
        "period": "2021A",
        "fPeriodEndDate": 44377,
        "curCode": "AUD"
      },
      {
        "revenue": 13735750,
        "netIncome": 116060,
        "period": "2020A",
        "fPeriodEndDate": 44012,
        "curCode": "AUD"
      },
      {
        "revenue": 11706080,
        "netIncome": -4797310,
        "period": "2019A",
        "fPeriodEndDate": 43646,
        "curCode": "AUD"
      }
    ]
  },
  {
    "symbol": "VTI",
    "displayName": "VISIONEERING TECHNOLOGIES INC.",
    "industry": "Health Care Equipment & Services",
    "dateListed": "2017-03-28",
    "marketCap": 13471514,
    "xid": "400412448",
    "priceChangeFiveDayPercent": 6.1728395061728305,
    "isRecentListing": false,
    "priceAsk": 0.42,
    "priceBid": 0.37,
    "priceChange": 0,
    "priceChangePercent": 0,
    "priceLast": 0.43,
    "sector": "Health Care",
    "industryGroup": "Health Care Equipment & Services",
    "securityType": 1,
    "volume": 0,
    "statusCode": "",
    "isin": "AU000000VTI2",
    "priceClose": 0.43,
    "priceFiftyTwoWeekHigh": 1.05,
    "priceFiftyTwoWeekLow": 0.2,
    "volumeAverage": 35431.760563,
    "cashFlow": -11.98962,
    "earningsPerShare": -0.24855,
    "freeCashFlowYield": -0.0000100000010000001,
    "priceEarningsRatio": -99999.99,
    "priceToCash": -99999.99,
    "foreignExempt": false,
    "shareDescription": "Chess Depositary Interests 1:1 Us Prohibited",
    "numOfShares": 31329103,
    "yieldAnnual": 0,
    "incomeStatement": [
      {
        "revenue": 7154000,
        "netIncome": -2334000,
        "period": "2021A",
        "fPeriodEndDate": 44561,
        "curCode": "USD"
      },
      {
        "revenue": 5105000,
        "netIncome": -9239000,
        "period": "2020A",
        "fPeriodEndDate": 44196,
        "curCode": "USD"
      },
      {
        "revenue": 5722000,
        "netIncome": -12617000,
        "period": "2019A",
        "fPeriodEndDate": 43830,
        "curCode": "USD"
      },
      {
        "revenue": 3294000,
        "netIncome": -16735000,
        "period": "2018A",
        "fPeriodEndDate": 43465,
        "curCode": "USD"
      }
    ]
  },
  {
    "symbol": "VHT",
    "displayName": "VOLPARA HEALTH TECHNOLOGIES LIMITED",
    "industry": "Health Care Equipment & Services",
    "dateListed": "2016-04-27",
    "marketCap": 147486637,
    "xid": "343025665",
    "priceChangeFiveDayPercent": -4.065040650406508,
    "isRecentListing": false,
    "priceAsk": 0.62,
    "priceBid": 0.59,
    "priceChange": 0.0050000000000000044,
    "priceChangePercent": 0.8547008547008556,
    "priceLast": 0.59,
    "sector": "Health Care",
    "industryGroup": "Health Care Equipment & Services",
    "securityType": 1,
    "volume": 153878,
    "statusCode": "",
    "isin": "NZVHTE0001S6",
    "priceClose": 0.585,
    "priceDayHigh": 0.62,
    "priceDayLow": 0.58,
    "priceFiftyTwoWeekHigh": 1.075,
    "priceFiftyTwoWeekLow": 0.4,
    "volumeAverage": 117436.902174,
    "cashFlow": -13.25869,
    "earningsPerShare": -0.04968,
    "freeCashFlowYield": -0.0000100000010000001,
    "priceEarningsRatio": -99999.99,
    "priceToCash": -99999.99,
    "foreignExempt": false,
    "shareDescription": "Ordinary Fully Paid",
    "numOfShares": 252113909,
    "yieldAnnual": 0,
    "incomeStatement": [
      {
        "revenue": 26113000,
        "netIncome": -16441000,
        "period": "2022A",
        "fPeriodEndDate": 44651,
        "curCode": "NZD"
      },
      {
        "revenue": 19747000,
        "netIncome": -17488000,
        "period": "2021A",
        "fPeriodEndDate": 44286,
        "curCode": "NZD"
      },
      {
        "revenue": 12602000,
        "netIncome": -20371000,
        "period": "2020A",
        "fPeriodEndDate": 43921,
        "curCode": "NZD"
      },
      {
        "revenue": 5000000,
        "netIncome": -11741000,
        "period": "2019A",
        "fPeriodEndDate": 43555,
        "curCode": "NZD"
      }
    ]
  }
]