[
  {
    "symbol": "3PL",
    "displayName": "3P LEARNING LIMITED..",
    "industry": "Consumer Services",
    "dateListed": "2014-07-09",
    "marketCap": 374636050,
    "xid": "76419072",
    "priceChangeFiveDayPercent": 6.274509803921575,
    "isRecentListing": false,
    "priceAsk": 1.36,
    "priceBid": 1.345,
    "priceChange": 0,
    "priceChangePercent": 0,
    "priceLast": 1.355,
    "sector": "Consumer Discretionary",
    "industryGroup": "Consumer Services",
    "securityType": 1,
    "volume": 0,
    "statusCode": "",
    "isin": "AU0000003PL9",
    "priceClose": 1.355,
    "priceFiftyTwoWeekHigh": 1.85,
    "priceFiftyTwoWeekLow": 1.165,
    "volumeAverage": 6551.774194,
    "dateExDate": "2015-10-06",
    "datePayDate": "2015-10-22",
    "dateRecordDate": "2015-10-08",
    "dividend": 0.018,
    "dividendType": "F",
    "frankingPercent": 100,
    "cashFlow": 7.651,
    "earningsPerShare": -0.00194,
    "freeCashFlowYield": 0.030360134956871915,
    "priceEarningsRatio": -99999.99,
    "priceToCash": 32.93793,
    "foreignExempt": false,
    "shareDescription": "Ordinary Fully Paid",
    "numOfShares": 276484170,
    "yieldAnnual": 0,
    "incomeStatement": [
      {
        "revenue": 97288000,
        "netIncome": -536000,
        "period": "2022A",
        "fPeriodEndDate": 44742,
        "curCode": "AUD"
      },
      {
        "revenue": 57563000,
        "netIncome": -9369000,
        "period": "2021A",
        "fPeriodEndDate": 44377,
        "curCode": "AUD"
      },
      {
        "revenue": 55225000,
        "netIncome": 517000,
        "period": "2020A",
        "fPeriodEndDate": 44012,
        "curCode": "AUD"
      },
      {
        "revenue": 54682000,
        "netIncome": 5911000,
        "period": "2019A",
        "fPeriodEndDate": 43646,
        "curCode": "AUD"
      }
    ]
  },
  {
    "symbol": "8VI",
    "displayName": "8VI HOLDINGS LIMITED",
    "industry": "Consumer Services",
    "dateListed": "2015-12-16",
    "marketCap": 29666995,
    "xid": "320037656",
    "priceChangeFiveDayPercent": -1.4084507042253378,
    "isRecentListing": false,
    "priceAsk": 1.09,
    "priceBid": 0.7000000000000001,
    "priceChange": 0,
    "priceChangePercent": 0,
    "priceLast": 0.7000000000000001,
    "sector": "Consumer Discretionary",
    "industryGroup": "Consumer Services",
    "securityType": 1,
    "volume": 365,
    "statusCode": "",
    "isin": "AU0000026007",
    "priceClose": 0.7000000000000001,
    "priceDayHigh": 0.7000000000000001,
    "priceDayLow": 0.7000000000000001,
    "priceFiftyTwoWeekHigh": 4.78,
    "priceFiftyTwoWeekLow": 0.67,
    "volumeAverage": 10411.42029,
    "cashFlow": 7.37185,
    "earningsPerShare": 0.04548,
    "freeCashFlowYield": 0.21968269032209878,
    "priceEarningsRatio": 15.3908,
    "priceToCash": 4.55202,
    "foreignExempt": false,
    "shareDescription": "Chess Depositary Interests 1:1",
    "numOfShares": 42381422,
    "yieldAnnual": 0,
    "incomeStatement": [
      {
        "revenue": 31353140,
        "netIncome": 1985400,
        "period": "2022A",
        "fPeriodEndDate": 44651,
        "curCode": "SGD"
      },
      {
        "revenue": 25960660,
        "netIncome": 5861410,
        "period": "2021A",
        "fPeriodEndDate": 44286,
        "curCode": "SGD"
      },
      {
        "revenue": 10859350,
        "netIncome": 1072050,
        "period": "2020A",
        "fPeriodEndDate": 43921,
        "curCode": "SGD"
      },
      {
        "revenue": 22291340,
        "netIncome": -4867350,
        "period": "2019A",
        "fPeriodEndDate": 43555,
        "curCode": "SGD"
      }
    ]
  },
  {
    "symbol": "AKG",
    "displayName": "ACADEMIES AUSTRALASIA GROUP LIMITED",
    "industry": "Consumer Services",
    "dateListed": "1977-06-01",
    "marketCap": 53598076,
    "xid": "142001",
    "priceChangeFiveDayPercent": -2.4390243902438913,
    "isRecentListing": false,
    "priceAsk": 0.425,
    "priceBid": 0.4,
    "priceChange": -0.019999999999999962,
    "priceChangePercent": -4.761904761904753,
    "priceLast": 0.4,
    "sector": "Consumer Discretionary",
    "industryGroup": "Consumer Services",
    "securityType": 1,
    "volume": 3735,
    "statusCode": "",
    "isin": "AU000000AKG9",
    "priceClose": 0.42,
    "priceDayHigh": 0.425,
    "priceDayLow": 0.4,
    "priceFiftyTwoWeekHigh": 0.455,
    "priceFiftyTwoWeekLow": 0.22,
    "volumeAverage": 90549.338462,
    "dateExDate": "2021-03-04",
    "datePayDate": "2021-03-26",
    "dateRecordDate": "2021-03-05",
    "dividend": 0.005,
    "dividendType": "I",
    "frankingPercent": 100,
    "cashFlow": 8.691,
    "earningsPerShare": -0.00955,
    "freeCashFlowYield": 0.08963006981286138,
    "priceEarningsRatio": -99999.99,
    "priceToCash": 11.15697,
    "foreignExempt": false,
    "shareDescription": "Ordinary Fully Paid",
    "numOfShares": 127614467,
    "yieldAnnual": 0,
    "incomeStatement": [
      {
        "revenue": 36042000,
        "netIncome": -1302000,
        "period": "2022A",
        "fPeriodEndDate": 44742,
        "curCode": "AUD"
      },
      {
        "revenue": 42624000,
        "netIncome": -1241000,
        "period": "2021A",
        "fPeriodEndDate": 44377,
        "curCode": "AUD"
      },
      {
        "revenue": 59694000,
        "netIncome": 3604000,
        "period": "2020A",
        "fPeriodEndDate": 44012,
        "curCode": "AUD"
      },
      {
        "revenue": 66056000,
        "netIncome": 4350000,
        "period": "2019A",
        "fPeriodEndDate": 43646,
        "curCode": "AUD"
      }
    ]
  },
  {
    "symbol": "AGI",
    "displayName": "AINSWORTH GAME TECHNOLOGY LIMITED",
    "industry": "Consumer Services",
    "dateListed": "2001-12-17",
    "marketCap": 309850415,
    "xid": "40562",
    "priceChangeFiveDayPercent": -5.641025641025635,
    "isRecentListing": false,
    "priceAsk": 0.975,
    "priceBid": 0.8300000000000001,
    "priceChange": 0,
    "priceChangePercent": 0,
    "priceLast": 0.92,
    "sector": "Consumer Discretionary",
    "industryGroup": "Consumer Services",
    "securityType": 1,
    "volume": 3106,
    "statusCode": "",
    "isin": "AU000000AGI3",
    "priceClose": 0.92,
    "priceDayHigh": 0.925,
    "priceDayLow": 0.92,
    "priceFiftyTwoWeekHigh": 1.355,
    "priceFiftyTwoWeekLow": 0.77,
    "volumeAverage": 33321.705882,
    "dateExDate": "2018-10-04",
    "datePayDate": "2018-11-07",
    "dateRecordDate": "2018-10-05",
    "dividend": 0.025,
    "dividendType": "F",
    "frankingPercent": 100,
    "cashFlow": 45.797,
    "earningsPerShare": 0.03688,
    "freeCashFlowYield": 0.10944307701399887,
    "priceEarningsRatio": 24.94577,
    "priceToCash": 9.13717,
    "foreignExempt": false,
    "shareDescription": "Ordinary Fully Paid",
    "numOfShares": 336793929,
    "yieldAnnual": 0,
    "incomeStatement": [
      {
        "revenue": 220157000,
        "netIncome": 11753000,
        "period": "2022A",
        "fPeriodEndDate": 44742,
        "curCode": "AUD"
      },
      {
        "revenue": 159520000,
        "netIncome": -53409000,
        "period": "2021A",
        "fPeriodEndDate": 44377,
        "curCode": "AUD"
      },
      {
        "revenue": 149396000,
        "netIncome": -43433000,
        "period": "2020A",
        "fPeriodEndDate": 44012,
        "curCode": "AUD"
      },
      {
        "revenue": 234344000,
        "netIncome": 10895000,
        "period": "2019A",
        "fPeriodEndDate": 43646,
        "curCode": "AUD"
      }
    ]
  },
  {
    "symbol": "ALO",
    "displayName": "ALLOGGIO GROUP LIMITED",
    "industry": "Consumer Services",
    "dateListed": "2021-11-29",
    "marketCap": 43156955,
    "xid": "687332183",
    "priceChangeFiveDayPercent": 9.999999999999995,
    "isRecentListing": false,
    "priceAsk": 0.22,
    "priceBid": 0.215,
    "priceChange": 0.0050000000000000044,
    "priceChangePercent": 2.325581395348839,
    "priceLast": 0.22,
    "sector": "Consumer Discretionary",
    "industryGroup": "Consumer Services",
    "securityType": 1,
    "volume": 344405,
    "statusCode": "",
    "isin": "AU0000183915",
    "priceClose": 0.215,
    "priceDayHigh": 0.225,
    "priceDayLow": 0.20500000000000002,
    "priceFiftyTwoWeekHigh": 0.225,
    "priceFiftyTwoWeekLow": 0.115,
    "volumeAverage": 175847.949367,
    "cashFlow": -9.64881,
    "earningsPerShare": 0.01002,
    "freeCashFlowYield": 0.2999283171322054,
    "priceEarningsRatio": 21.45709,
    "priceToCash": 3.33413,
    "foreignExempt": false,
    "shareDescription": "Ordinary Fully Paid",
    "numOfShares": 200730021,
    "yieldAnnual": 0,
    "incomeStatement": [
      {
        "revenue": 27834800,
        "netIncome": 2010680,
        "period": "2022A",
        "fPeriodEndDate": 44742,
        "curCode": "AUD"
      },
      {
        "revenue": 11293070,
        "netIncome": 98480,
        "period": "2021A",
        "fPeriodEndDate": 44377,
        "curCode": "AUD"
      },
      {
        "revenue": 7456110,
        "netIncome": -940730,
        "period": "2020A",
        "fPeriodEndDate": 44012,
        "curCode": "AUD"
      },
      {
        "revenue": 5780430,
        "netIncome": -918730,
        "period": "2019A",
        "fPeriodEndDate": 43646,
        "curCode": "AUD"
      }
    ]
  },
  {
    "symbol": "AQS",
    "displayName": "AQUIS ENTERTAINMENT LIMITED",
    "industry": "Consumer Services",
    "dateListed": "2011-12-02",
    "marketCap": 24068337,
    "xid": "38312852",
    "priceChangeFiveDayPercent": 20,
    "isRecentListing": false,
    "priceAsk": 0.17500000000000002,
    "priceBid": 0.13,
    "priceChange": 0.04999999999999999,
    "priceChangePercent": 38.46153846153845,
    "priceLast": 0.18,
    "sector": "Consumer Discretionary",
    "industryGroup": "Consumer Services",
    "securityType": 1,
    "volume": 88816,
    "statusCode": "",
    "isin": "AU000000AQS1",
    "priceClose": 0.13,
    "priceDayHigh": 0.18,
    "priceDayLow": 0.14,
    "priceFiftyTwoWeekHigh": 0.2,
    "priceFiftyTwoWeekLow": 0.1,
    "volumeAverage": 17987.527273,
    "cashFlow": 5.4029,
    "earningsPerShare": 0.01636,
    "freeCashFlowYield": 1.0455220291491543,
    "priceEarningsRatio": 7.94621,
    "priceToCash": 0.95646,
    "foreignExempt": false,
    "shareDescription": "Ordinary Fully Paid",
    "numOfShares": 185141050,
    "yieldAnnual": 0,
    "incomeStatement": [
      {
        "revenue": 25184470,
        "netIncome": 230800,
        "period": "2021A",
        "fPeriodEndDate": 44561,
        "curCode": "AUD"
      },
      {
        "revenue": 18933180,
        "netIncome": 798200,
        "period": "2020A",
        "fPeriodEndDate": 44196,
        "curCode": "AUD"
      },
      {
        "revenue": 24801350,
        "netIncome": -3957190,
        "period": "2019A",
        "fPeriodEndDate": 43830,
        "curCode": "AUD"
      },
      {
        "revenue": 26411230,
        "netIncome": -3396830,
        "period": "2018A",
        "fPeriodEndDate": 43465,
        "curCode": "AUD"
      }
    ]
  },
  {
    "symbol": "ALG",
    "displayName": "ARDENT LEISURE GROUP LIMITED",
    "industry": "Consumer Services",
    "dateListed": "2018-11-30",
    "marketCap": 266236839,
    "xid": "504280917",
    "priceChangeFiveDayPercent": -1.7543859649122628,
    "isRecentListing": false,
    "priceAsk": 0.5700000000000001,
    "priceBid": 0.545,
    "priceChange": 0.0050000000000000044,
    "priceChangePercent": 0.9009009009009016,
    "priceLast": 0.56,
    "sector": "Consumer Discretionary",
    "industryGroup": "Consumer Services",
    "securityType": 1,
    "volume": 277319,
    "statusCode": "",
    "isin": "AU0000027484",
    "priceClose": 0.555,
    "priceDayHigh": 0.5700000000000001,
    "priceDayLow": 0.55,
    "priceFiftyTwoWeekHigh": 1.62,
    "priceFiftyTwoWeekLow": 0.465,
    "volumeAverage": 1711168.67033,
    "dateExDate": "2022-07-05",
    "datePayDate": "2022-07-13",
    "dateRecordDate": "2022-07-06",
    "dividend": 0.4893,
    "dividendType": "I",
    "frankingPercent": 0,
    "cashFlow": 50.6,
    "earningsPerShare": -0.12814,
    "freeCashFlowYield": 0.03240348298557916,
    "priceEarningsRatio": -99999.99,
    "priceToCash": 30.86088,
    "foreignExempt": false,
    "shareDescription": "Ordinary Fully Paid",
    "numOfShares": 479706016,
    "yieldAnnual": 0,
    "incomeStatement": [
      {
        "revenue": 49490000,
        "netIncome": -97431000,
        "period": "2022A",
        "fPeriodEndDate": 44740,
        "curCode": "AUD"
      },
      {
        "revenue": 36049000,
        "netIncome": -86932000,
        "period": "2021A",
        "fPeriodEndDate": 44376,
        "curCode": "AUD"
      },
      {
        "revenue": 398995000,
        "netIncome": -136095000,
        "period": "2020A",
        "fPeriodEndDate": 44012,
        "curCode": "AUD"
      },
      {
        "revenue": 483640000,
        "netIncome": -60877000,
        "period": "2019A",
        "fPeriodEndDate": 43641,
        "curCode": "AUD"
      }
    ]
  },
  {
    "symbol": "ALL",
    "displayName": "ARISTOCRAT LEISURE LIMITED",
    "industry": "Consumer Services",
    "dateListed": "1996-07-09",
    "marketCap": 23884492699,
    "xid": "43238",
    "priceChangeFiveDayPercent": -4.206602768903084,
    "isRecentListing": false,
    "priceAsk": 36,
    "priceBid": 35.82,
    "priceChange": -0.21999999999999886,
    "priceChangePercent": -0.607734806629831,
    "priceLast": 35.980000000000004,
    "sector": "Consumer Discretionary",
    "industryGroup": "Consumer Services",
    "securityType": 1,
    "volume": 1469785,
    "statusCode": "CD",
    "isin": "AU000000ALL7",
    "priceClose": 36.2,
    "priceDayHigh": 36.550000000000004,
    "priceDayLow": 35.730000000000004,
    "priceFiftyTwoWeekHigh": 46.26,
    "priceFiftyTwoWeekLow": 30.46,
    "volumeAverage": 1612105.10989,
    "dateExDate": "2022-11-30",
    "datePayDate": "2022-12-16",
    "dateRecordDate": "2022-12-01",
    "dividend": 0.26,
    "dividendType": "F",
    "frankingPercent": 100,
    "cashFlow": 947.4,
    "earningsPerShare": 1.32563,
    "freeCashFlowYield": 0.05160669710429663,
    "priceEarningsRatio": 27.30777,
    "priceToCash": 19.37733,
    "foreignExempt": false,
    "shareDescription": "Ordinary Fully Paid",
    "numOfShares": 659792616,
    "yieldAnnual": 1.4452473596442468,
    "incomeStatement": [
      {
        "revenue": 4736600000,
        "netIncome": 820000000,
        "period": "2021A",
        "fPeriodEndDate": 44469,
        "curCode": "AUD"
      },
      {
        "revenue": 4139100000,
        "netIncome": 1377700000,
        "period": "2020A",
        "fPeriodEndDate": 44104,
        "curCode": "AUD"
      },
      {
        "revenue": 4397400000,
        "netIncome": 698800000,
        "period": "2019A",
        "fPeriodEndDate": 43738,
        "curCode": "AUD"
      },
      {
        "revenue": 3509500000,
        "netIncome": 542600000,
        "period": "2018A",
        "fPeriodEndDate": 43373,
        "curCode": "AUD"
      }
    ]
  },
  {
    "symbol": "BET",
    "displayName": "BETMAKERS TECHNOLOGY GROUP LTD",
    "industry": "Consumer Services",
    "dateListed": "2015-12-11",
    "marketCap": 270597163,
    "xid": "320048269",
    "priceChangeFiveDayPercent": 7.692307692307699,
    "isRecentListing": false,
    "priceAsk": 0.28500000000000003,
    "priceBid": 0.28,
    "priceChange": -0.009999999999999953,
    "priceChangePercent": -3.4482758620689498,
    "priceLast": 0.28,
    "sector": "Consumer Discretionary",
    "industryGroup": "Consumer Services",
    "securityType": 1,
    "volume": 1382770,
    "statusCode": "",
    "isin": "AU0000050585",
    "priceClose": 0.29,
    "priceDayHigh": 0.295,
    "priceDayLow": 0.28,
    "priceFiftyTwoWeekHigh": 1.03,
    "priceFiftyTwoWeekLow": 0.24,
    "volumeAverage": 4222382.263736,
    "cashFlow": -34.384,
    "earningsPerShare": -0.10119,
    "freeCashFlowYield": -0.0000100000010000001,
    "priceEarningsRatio": -99999.99,
    "priceToCash": -99999.99,
    "foreignExempt": false,
    "shareDescription": "Ordinary Fully Paid",
    "numOfShares": 933093666,
    "yieldAnnual": 0,
    "incomeStatement": [
      {
        "revenue": 91682000,
        "netIncome": -89234000,
        "period": "2022A",
        "fPeriodEndDate": 44742,
        "curCode": "AUD"
      },
      {
        "revenue": 19460510,
        "netIncome": -17459040,
        "period": "2021A",
        "fPeriodEndDate": 44377,
        "curCode": "AUD"
      },
      {
        "revenue": 8583160,
        "netIncome": -2140550,
        "period": "2020A",
        "fPeriodEndDate": 44012,
        "curCode": "AUD"
      },
      {
        "revenue": 6169130,
        "netIncome": -3604760,
        "period": "2019A",
        "fPeriodEndDate": 43646,
        "curCode": "AUD"
      }
    ]
  },
  {
    "symbol": "BBT",
    "displayName": "BLUEBET HOLDINGS LTD",
    "industry": "Consumer Services",
    "dateListed": "2021-07-02",
    "marketCap": 80080491,
    "xid": "663337257",
    "priceChangeFiveDayPercent": -5.882352941176462,
    "isRecentListing": false,
    "priceAsk": 0.41500000000000004,
    "priceBid": 0.4,
    "priceChange": 0,
    "priceChangePercent": 0,
    "priceLast": 0.4,
    "sector": "Consumer Discretionary",
    "industryGroup": "Consumer Services",
    "securityType": 1,
    "volume": 55272,
    "statusCode": "",
    "isin": "AU0000157075",
    "priceClose": 0.4,
    "priceDayHigh": 0.405,
    "priceDayLow": 0.395,
    "priceFiftyTwoWeekHigh": 1.795,
    "priceFiftyTwoWeekLow": 0.37,
    "volumeAverage": 220166.593407,
    "cashFlow": -7.598,
    "earningsPerShare": -0.03034,
    "freeCashFlowYield": -0.0000100000010000001,
    "priceEarningsRatio": -99999.99,
    "priceToCash": -99999.99,
    "foreignExempt": false,
    "shareDescription": "Ordinary Fully Paid",
    "numOfShares": 200201228,
    "yieldAnnual": 0,
    "incomeStatement": [
      {
        "revenue": 49853000,
        "netIncome": -6071000,
        "period": "2022A",
        "fPeriodEndDate": 44742,
        "curCode": "AUD"
      },
      {
        "revenue": 32351000,
        "netIncome": 2979000,
        "period": "2021A",
        "fPeriodEndDate": 44377,
        "curCode": "AUD"
      },
      {
        "revenue": 16808130,
        "netIncome": 4484600,
        "period": "2020A",
        "fPeriodEndDate": 44012,
        "curCode": "AUD"
      },
      {
        "revenue": 9574830,
        "netIncome": -373720,
        "period": "2019A",
        "fPeriodEndDate": 43646,
        "curCode": "AUD"
      }
    ]
  },
  {
    "symbol": "CLU",
    "displayName": "CLUEY LTD",
    "industry": "Consumer Services",
    "dateListed": "2020-12-09",
    "marketCap": 68448715,
    "xid": "626345102",
    "priceChangeFiveDayPercent": -4.807692307692312,
    "isRecentListing": false,
    "priceAsk": 0.52,
    "priceBid": 0.46,
    "priceChange": 0,
    "priceChangePercent": 0,
    "priceLast": 0.495,
    "sector": "Consumer Discretionary",
    "industryGroup": "Consumer Services",
    "securityType": 1,
    "volume": 0,
    "upcomingEventName": "Cluey Ltd 2022 Annual General Meeting",
    "statusCode": "",
    "isin": "AU0000113490",
    "priceClose": 0.495,
    "priceFiftyTwoWeekHigh": 1.16,
    "priceFiftyTwoWeekLow": 0.43,
    "volumeAverage": 45129.565217,
    "cashFlow": -17.5655,
    "earningsPerShare": -0.15946,
    "freeCashFlowYield": -0.0000100000010000001,
    "priceEarningsRatio": -99999.99,
    "priceToCash": -99999.99,
    "foreignExempt": false,
    "shareDescription": "Ordinary Fully Paid",
    "numOfShares": 138280233,
    "yieldAnnual": 0,
    "incomeStatement": [
      {
        "revenue": 34328100,
        "netIncome": -20897200,
        "period": "2022A",
        "fPeriodEndDate": 44742,
        "curCode": "AUD"
      },
      {
        "revenue": 10157860,
        "netIncome": -11907610,
        "period": "2021A",
        "fPeriodEndDate": 44377,
        "curCode": "AUD"
      },
      {
        "revenue": 5029920,
        "netIncome": -15232860,
        "period": "2020A",
        "fPeriodEndDate": 44012,
        "curCode": "AUD"
      },
      {
        "revenue": 900760,
        "netIncome": -10003000,
        "period": "2019A",
        "fPeriodEndDate": 43646,
        "curCode": "AUD"
      }
    ]
  },
  {
    "symbol": "CKF",
    "displayName": "COLLINS FOODS LIMITED",
    "industry": "Consumer Services",
    "dateListed": "2011-08-04",
    "marketCap": 1174278900,
    "xid": "35887434",
    "priceChangeFiveDayPercent": -2.8846153846153912,
    "isRecentListing": false,
    "priceAsk": 10.11,
    "priceBid": 10,
    "priceChange": 0.08000000000000007,
    "priceChangePercent": 0.7984031936127752,
    "priceLast": 10.1,
    "sector": "Consumer Discretionary",
    "industryGroup": "Consumer Services",
    "securityType": 1,
    "volume": 278009,
    "statusCode": "",
    "isin": "AU000000CKF7",
    "priceClose": 10.02,
    "priceDayHigh": 10.22,
    "priceDayLow": 10.02,
    "priceFiftyTwoWeekHigh": 14.3,
    "priceFiftyTwoWeekLow": 8.04,
    "volumeAverage": 277944.131868,
    "dateExDate": "2022-07-08",
    "datePayDate": "2022-08-01",
    "dateRecordDate": "2022-07-11",
    "dividend": 0.15,
    "dividendType": "F",
    "frankingPercent": 100,
    "cashFlow": 54.527,
    "earningsPerShare": 0.46746,
    "freeCashFlowYield": -0.0000100000010000001,
    "priceEarningsRatio": 21.43499,
    "priceToCash": -99999.99,
    "foreignExempt": false,
    "shareDescription": "Ordinary Fully Paid",
    "numOfShares": 117193503,
    "yieldAnnual": 2.6732673267326734,
    "incomeStatement": [
      {
        "revenue": 1184521000,
        "netIncome": 54799000,
        "period": "2022A",
        "fPeriodEndDate": 44682,
        "curCode": "AUD"
      },
      {
        "revenue": 1065905000,
        "netIncome": 32608000,
        "period": "2021A",
        "fPeriodEndDate": 44318,
        "curCode": "AUD"
      },
      {
        "revenue": 948088000,
        "netIncome": 31263000,
        "period": "2020A",
        "fPeriodEndDate": 43954,
        "curCode": "AUD"
      },
      {
        "revenue": 901215000,
        "netIncome": 39111000,
        "period": "2019A",
        "fPeriodEndDate": 43583,
        "curCode": "AUD"
      }
    ]
  },
  {
    "symbol": "CTD",
    "displayName": "CORPORATE TRAVEL MANAGEMENT LIMITED",
    "industry": "Consumer Services",
    "dateListed": "2010-12-15",
    "marketCap": 2475831622,
    "xid": "27528971",
    "priceChangeFiveDayPercent": -7.679372197309424,
    "isRecentListing": false,
    "priceAsk": 16.8,
    "priceBid": 16.43,
    "priceChange": -0.45000000000000284,
    "priceChangePercent": -2.6595744680851228,
    "priceLast": 16.47,
    "sector": "Consumer Discretionary",
    "industryGroup": "Consumer Services",
    "securityType": 1,
    "volume": 544076,
    "statusCode": "",
    "isin": "AU000000CTD3",
    "priceClose": 16.92,
    "priceDayHigh": 17.18,
    "priceDayLow": 16.35,
    "priceFiftyTwoWeekHigh": 26.34,
    "priceFiftyTwoWeekLow": 16.02,
    "volumeAverage": 455410.747253,
    "dateExDate": "2022-09-05",
    "datePayDate": "2022-10-05",
    "dateRecordDate": "2022-09-06",
    "dividend": 0.05,
    "dividendType": "F",
    "frankingPercent": 0,
    "cashFlow": 47.951,
    "earningsPerShare": 0.01907,
    "freeCashFlowYield": 0.02219658270291339,
    "priceEarningsRatio": 887.2574,
    "priceToCash": 45.05198,
    "foreignExempt": false,
    "shareDescription": "Ordinary Fully Paid",
    "numOfShares": 146325746,
    "yieldAnnual": 0.3035822707953855,
    "incomeStatement": [
      {
        "revenue": 377360000,
        "netIncome": 3101000,
        "period": "2022A",
        "fPeriodEndDate": 44742,
        "curCode": "AUD"
      },
      {
        "revenue": 174046000,
        "netIncome": -55351000,
        "period": "2021A",
        "fPeriodEndDate": 44377,
        "curCode": "AUD"
      },
      {
        "revenue": 316364000,
        "netIncome": -8185000,
        "period": "2020A",
        "fPeriodEndDate": 44012,
        "curCode": "AUD"
      },
      {
        "revenue": 446739000,
        "netIncome": 86235000,
        "period": "2019A",
        "fPeriodEndDate": 43646,
        "curCode": "AUD"
      }
    ]
  },
  {
    "symbol": "DMP",
    "displayName": "DOMINO'S PIZZA ENTERPRISES LIMITED",
    "industry": "Consumer Services",
    "dateListed": "2005-05-16",
    "marketCap": 5547108503,
    "xid": "1745764",
    "priceChangeFiveDayPercent": 1.995530012771392,
    "isRecentListing": false,
    "priceAsk": 64.24,
    "priceBid": 63.300000000000004,
    "priceChange": -0.1700000000000017,
    "priceChangePercent": -0.26537620980331206,
    "priceLast": 63.89,
    "sector": "Consumer Discretionary",
    "industryGroup": "Consumer Services",
    "securityType": 1,
    "volume": 245473,
    "statusCode": "",
    "isin": "AU000000DMP0",
    "priceClose": 64.06,
    "priceDayHigh": 64.22,
    "priceDayLow": 63.2,
    "priceFiftyTwoWeekHigh": 133.67,
    "priceFiftyTwoWeekLow": 49.83,
    "volumeAverage": 515273.472527,
    "dateExDate": "2022-08-30",
    "datePayDate": "2022-09-15",
    "dateRecordDate": "2022-08-31",
    "dividend": 0.681,
    "dividendType": "F",
    "frankingPercent": 70,
    "cashFlow": -152.096,
    "earningsPerShare": 1.82887,
    "freeCashFlowYield": 0.054147861565577125,
    "priceEarningsRatio": 35.02709,
    "priceToCash": 18.46795,
    "foreignExempt": false,
    "shareDescription": "Ordinary Fully Paid",
    "numOfShares": 86592390,
    "yieldAnnual": 2.449522616997965,
    "incomeStatement": [
      {
        "revenue": 2289268000,
        "netIncome": 158716000,
        "period": "2022A",
        "fPeriodEndDate": 44745,
        "curCode": "AUD"
      },
      {
        "revenue": 2199106000,
        "netIncome": 184477000,
        "period": "2021A",
        "fPeriodEndDate": 44374,
        "curCode": "AUD"
      },
      {
        "revenue": 1905261000,
        "netIncome": 138483000,
        "period": "2020A",
        "fPeriodEndDate": 44010,
        "curCode": "AUD"
      },
      {
        "revenue": 1435410000,
        "netIncome": 115912000,
        "period": "2019A",
        "fPeriodEndDate": 43646,
        "curCode": "AUD"
      }
    ]
  },
  {
    "symbol": "DNA",
    "displayName": "DONACO INTERNATIONAL LIMITED",
    "industry": "Consumer Services",
    "dateListed": "2004-12-23",
    "marketCap": 66711027,
    "xid": "273597",
    "priceChangeFiveDayPercent": -24.13793103448277,
    "isRecentListing": false,
    "priceAsk": 0.052000000000000005,
    "priceBid": 0.043000000000000003,
    "priceChange": -0.010000000000000002,
    "priceChangePercent": -18.518518518518523,
    "priceLast": 0.044,
    "sector": "Consumer Discretionary",
    "industryGroup": "Consumer Services",
    "securityType": 1,
    "volume": 564462,
    "statusCode": "",
    "isin": "AU000000DNA0",
    "priceClose": 0.054,
    "priceDayHigh": 0.049,
    "priceDayLow": 0.044,
    "priceFiftyTwoWeekHigh": 0.065,
    "priceFiftyTwoWeekLow": 0.029,
    "volumeAverage": 452068.463415,
    "dateExDate": "2017-10-05",
    "datePayDate": "2017-10-20",
    "dateRecordDate": "2017-10-06",
    "dividend": 0.005,
    "dividendType": "F",
    "frankingPercent": 0,
    "cashFlow": -5.71284,
    "earningsPerShare": -0.01335,
    "freeCashFlowYield": -0.0000100000010000001,
    "priceEarningsRatio": -99999.99,
    "priceToCash": -99999.99,
    "foreignExempt": false,
    "shareDescription": "Ordinary Fully Paid",
    "numOfShares": 1235389382,
    "yieldAnnual": 0,
    "incomeStatement": [
      {
        "revenue": 2437090,
        "netIncome": -16491630,
        "period": "2022A",
        "fPeriodEndDate": 44742,
        "curCode": "AUD"
      },
      {
        "revenue": 10319470,
        "netIncome": 25177130,
        "period": "2021A",
        "fPeriodEndDate": 44377,
        "curCode": "AUD"
      },
      {
        "revenue": 53485040,
        "netIncome": -58885430,
        "period": "2020A",
        "fPeriodEndDate": 44012,
        "curCode": "AUD"
      },
      {
        "revenue": 86263580,
        "netIncome": -198014600,
        "period": "2019A",
        "fPeriodEndDate": 43646,
        "curCode": "AUD"
      }
    ]
  },
  {
    "symbol": "EDU",
    "displayName": "EDU HOLDINGS LIMITED",
    "industry": "Consumer Services",
    "dateListed": "2004-06-25",
    "marketCap": 31390744,
    "xid": "275635",
    "priceChangeFiveDayPercent": 2.7027027027027053,
    "isRecentListing": false,
    "priceAsk": 0.19,
    "priceBid": 0.185,
    "priceChange": 0,
    "priceChangePercent": 0,
    "priceLast": 0.19,
    "sector": "Consumer Discretionary",
    "industryGroup": "Consumer Services",
    "securityType": 1,
    "volume": 0,
    "statusCode": "",
    "isin": "AU0000198483",
    "priceClose": 0.19,
    "priceFiftyTwoWeekHigh": 0.2,
    "priceFiftyTwoWeekLow": 0.12,
    "volumeAverage": 85839.057143,
    "dateExDate": "2010-03-05",
    "datePayDate": "2010-04-09",
    "dateRecordDate": "2010-03-12",
    "dividend": 0.0125,
    "dividendType": "I",
    "frankingPercent": 100,
    "cashFlow": -1.97642,
    "earningsPerShare": -0.01078,
    "freeCashFlowYield": 0.0261712895196286,
    "priceEarningsRatio": -99999.99,
    "priceToCash": 38.20981,
    "foreignExempt": false,
    "shareDescription": "Ordinary Fully Paid",
    "numOfShares": 165214443,
    "yieldAnnual": 0,
    "incomeStatement": [
      {
        "revenue": 10399230,
        "netIncome": 766370,
        "period": "2021A",
        "fPeriodEndDate": 44561,
        "curCode": "AUD"
      },
      {
        "revenue": 25305010,
        "netIncome": -4587550,
        "period": "2020A",
        "fPeriodEndDate": 44012,
        "curCode": "AUD"
      },
      {
        "revenue": 22002900,
        "netIncome": 952250,
        "period": "2019A",
        "fPeriodEndDate": 43646,
        "curCode": "AUD"
      },
      {
        "revenue": 12552020,
        "netIncome": 24940,
        "period": "2018A",
        "fPeriodEndDate": 43281,
        "curCode": "AUD"
      }
    ]
  },
  {
    "symbol": "ENN",
    "displayName": "ELANOR INVESTORS GROUP",
    "industry": "Consumer Services",
    "dateListed": "2014-07-11",
    "marketCap": 208297171,
    "xid": "76484697",
    "priceChangeFiveDayPercent": 1.197604790419163,
    "isRecentListing": false,
    "priceAsk": 1.69,
    "priceBid": 1.665,
    "priceChange": 0,
    "priceChangePercent": 0,
    "priceLast": 1.69,
    "sector": "Consumer Discretionary",
    "industryGroup": "Consumer Services",
    "securityType": 6,
    "volume": 626,
    "statusCode": "",
    "isin": "AU000000ENN1",
    "priceClose": 1.69,
    "priceDayHigh": 1.69,
    "priceDayLow": 1.69,
    "priceFiftyTwoWeekHigh": 2.36,
    "priceFiftyTwoWeekLow": 1.49,
    "volumeAverage": 42927.611111,
    "dateExDate": "2022-06-29",
    "datePayDate": "2022-08-31",
    "dateRecordDate": "2022-06-30",
    "dividend": 0.0443,
    "dividendType": "F",
    "frankingPercent": 0,
    "cashFlow": -54.18,
    "earningsPerShare": 0.00132,
    "freeCashFlowYield": 0.04207450890633205,
    "priceEarningsRatio": 1280.303,
    "priceToCash": 23.76736,
    "foreignExempt": false,
    "shareDescription": "Fully Paid Ordinary/units Stapled Securities",
    "numOfShares": 123252764,
    "yieldAnnual": 7.976331360946745,
    "incomeStatement": [
      {
        "revenue": 92164000,
        "netIncome": 966000,
        "period": "2022A",
        "fPeriodEndDate": 44742,
        "curCode": "AUD"
      },
      {
        "revenue": 82633000,
        "netIncome": 7858000,
        "period": "2021A",
        "fPeriodEndDate": 44377,
        "curCode": "AUD"
      },
      {
        "revenue": 66459000,
        "netIncome": -18329000,
        "period": "2020A",
        "fPeriodEndDate": 44012,
        "curCode": "AUD"
      },
      {
        "revenue": 109600000,
        "netIncome": 15522000,
        "period": "2019A",
        "fPeriodEndDate": 43646,
        "curCode": "AUD"
      }
    ]
  },
  {
    "symbol": "EVO",
    "displayName": "EMBARK EDUCATION LIMITED",
    "industry": "Consumer Services",
    "dateListed": "2014-12-05",
    "marketCap": 84561227,
    "xid": "81389048",
    "priceChangeFiveDayPercent": 0.9090909090909098,
    "isRecentListing": false,
    "priceAsk": 0.5700000000000001,
    "priceBid": 0.55,
    "priceChange": 0.025000000000000022,
    "priceChangePercent": 4.7169811320754755,
    "priceLast": 0.555,
    "sector": "Consumer Discretionary",
    "industryGroup": "Consumer Services",
    "securityType": 1,
    "volume": 266061,
    "statusCode": "CD",
    "isin": "NZEVOE0001S4",
    "priceClose": 0.53,
    "priceDayHigh": 0.56,
    "priceDayLow": 0.535,
    "priceFiftyTwoWeekHigh": 0.88,
    "priceFiftyTwoWeekLow": 0.465,
    "volumeAverage": 115944.313953,
    "dateExDate": "2022-11-23",
    "datePayDate": "2022-12-08",
    "dateRecordDate": "2022-11-24",
    "dividend": 0.032,
    "dividendType": "I",
    "frankingPercent": 85,
    "cashFlow": -99999.99,
    "earningsPerShare": -0.00703,
    "freeCashFlowYield": 0.1406291749286307,
    "priceEarningsRatio": -99999.99,
    "priceToCash": 7.1109,
    "foreignExempt": true,
    "shareDescription": "Ordinary Fully Paid Foreign Exempt Nzx",
    "numOfShares": 159549484,
    "yieldAnnual": 0,
    "incomeStatement": [
      {
        "revenue": 157959000,
        "netIncome": 741000,
        "period": "2021A",
        "fPeriodEndDate": 44561,
        "curCode": "NZD"
      },
      {
        "revenue": 102639000,
        "netIncome": 7570000,
        "period": "2020A",
        "fPeriodEndDate": 44196,
        "curCode": "NZD"
      },
      {
        "revenue": 137177000,
        "netIncome": -101554000,
        "period": "2019A",
        "fPeriodEndDate": 43555,
        "curCode": "NZD"
      },
      {
        "revenue": 138395000,
        "netIncome": -4213000,
        "period": "2018A",
        "fPeriodEndDate": 43190,
        "curCode": "NZD"
      }
    ]
  },
  {
    "symbol": "EBG",
    "displayName": "EUMUNDI GROUP LIMITED",
    "industry": "Consumer Services",
    "dateListed": "1989-12-07",
    "marketCap": 47328949,
    "xid": "94997",
    "priceChangeFiveDayPercent": 0,
    "isRecentListing": false,
    "priceAsk": 1.2,
    "priceBid": 1.035,
    "priceChange": -0.020000000000000018,
    "priceChangePercent": -1.8691588785046744,
    "priceLast": 1.05,
    "sector": "Consumer Discretionary",
    "industryGroup": "Consumer Services",
    "securityType": 1,
    "volume": 12550,
    "statusCode": "",
    "isin": "AU000000EBG0",
    "priceClose": 1.07,
    "priceDayHigh": 1.1,
    "priceDayLow": 1.05,
    "priceFiftyTwoWeekHigh": 1.15,
    "priceFiftyTwoWeekLow": 1,
    "volumeAverage": 7580.16129,
    "dateExDate": "2022-09-01",
    "datePayDate": "2022-09-13",
    "dateRecordDate": "2022-09-02",
    "dividend": 0.035,
    "dividendType": "F",
    "frankingPercent": 100,
    "cashFlow": 3.979,
    "earningsPerShare": 0.16749,
    "freeCashFlowYield": 0.18610190940559052,
    "priceEarningsRatio": 6.38844,
    "priceToCash": 5.3734,
    "foreignExempt": false,
    "shareDescription": "Ordinary Fully Paid",
    "numOfShares": 44232663,
    "yieldAnnual": 6.666666666666666,
    "incomeStatement": [
      {
        "revenue": 27684000,
        "netIncome": 7022000,
        "period": "2022A",
        "fPeriodEndDate": 44742,
        "curCode": "AUD"
      },
      {
        "revenue": 26216000,
        "netIncome": 4263000,
        "period": "2021A",
        "fPeriodEndDate": 44377,
        "curCode": "AUD"
      },
      {
        "revenue": 20715000,
        "netIncome": -1022000,
        "period": "2020A",
        "fPeriodEndDate": 44012,
        "curCode": "AUD"
      },
      {
        "revenue": 24938000,
        "netIncome": 1974000,
        "period": "2019A",
        "fPeriodEndDate": 43646,
        "curCode": "AUD"
      }
    ]
  },
  {
    "symbol": "EXP",
    "displayName": "EXPERIENCE CO LIMITED",
    "industry": "Consumer Services",
    "dateListed": "2015-03-27",
    "marketCap": 169650769,
    "xid": "86313930",
    "priceChangeFiveDayPercent": -10.638297872340424,
    "isRecentListing": false,
    "priceAsk": 0.24,
    "priceBid": 0.21,
    "priceChange": -0.015000000000000013,
    "priceChangePercent": -6.666666666666672,
    "priceLast": 0.21,
    "sector": "Consumer Discretionary",
    "industryGroup": "Consumer Services",
    "securityType": 1,
    "volume": 305401,
    "statusCode": "",
    "isin": "AU000000EXP5",
    "priceClose": 0.225,
    "priceDayHigh": 0.23,
    "priceDayLow": 0.20500000000000002,
    "priceFiftyTwoWeekHigh": 0.36,
    "priceFiftyTwoWeekLow": 0.175,
    "volumeAverage": 800418.95,
    "dateExDate": "2018-09-14",
    "datePayDate": "2018-09-28",
    "dateRecordDate": "2018-09-17",
    "dividend": 0.01,
    "dividendType": "F",
    "frankingPercent": 100,
    "cashFlow": -4.84,
    "earningsPerShare": -0.02006,
    "freeCashFlowYield": -0.0000100000010000001,
    "priceEarningsRatio": -99999.99,
    "priceToCash": -99999.99,
    "foreignExempt": false,
    "shareDescription": "Ordinary Fully Paid",
    "numOfShares": 754003418,
    "yieldAnnual": 0,
    "incomeStatement": [
      {
        "revenue": 55818000,
        "netIncome": -13583000,
        "period": "2022A",
        "fPeriodEndDate": 44742,
        "curCode": "AUD"
      },
      {
        "revenue": 44449000,
        "netIncome": -4301000,
        "period": "2021A",
        "fPeriodEndDate": 44377,
        "curCode": "AUD"
      },
      {
        "revenue": 87402000,
        "netIncome": -51413000,
        "period": "2020A",
        "fPeriodEndDate": 44012,
        "curCode": "AUD"
      },
      {
        "revenue": 130005000,
        "netIncome": -48258000,
        "period": "2019A",
        "fPeriodEndDate": 43646,
        "curCode": "AUD"
      }
    ]
  },
  {
    "symbol": "FLT",
    "displayName": "FLIGHT CENTRE TRAVEL GROUP LIMITED",
    "industry": "Consumer Services",
    "dateListed": "1995-12-01",
    "marketCap": 3229991708,
    "xid": "108040",
    "priceChangeFiveDayPercent": -4.0317654245571175,
    "isRecentListing": false,
    "priceAsk": 15.75,
    "priceBid": 15.700000000000001,
    "priceChange": -0.4299999999999997,
    "priceChangePercent": -2.664188351920692,
    "priceLast": 15.71,
    "sector": "Consumer Discretionary",
    "industryGroup": "Consumer Services",
    "securityType": 1,
    "volume": 1021406,
    "statusCode": "",
    "isin": "AU000000FLT9",
    "priceClose": 16.14,
    "priceDayHigh": 16.330000000000002,
    "priceDayLow": 15.71,
    "priceFiftyTwoWeekHigh": 23.38,
    "priceFiftyTwoWeekLow": 13.86,
    "volumeAverage": 1282077.021978,
    "dateExDate": "2019-09-12",
    "datePayDate": "2019-10-11",
    "dateRecordDate": "2019-09-13",
    "dividend": 0.98,
    "dividendType": "F",
    "frankingPercent": 100,
    "cashFlow": -141.745,
    "earningsPerShare": -1.43685,
    "freeCashFlowYield": -0.0000100000010000001,
    "priceEarningsRatio": -99999.99,
    "priceToCash": -99999.99,
    "foreignExempt": false,
    "shareDescription": "Ordinary Fully Paid",
    "numOfShares": 200123402,
    "yieldAnnual": 0,
    "incomeStatement": [
      {
        "revenue": 1007485000,
        "netIncome": -286651000,
        "period": "2022A",
        "fPeriodEndDate": 44742,
        "curCode": "AUD"
      },
      {
        "revenue": 395907000,
        "netIncome": -433129000,
        "period": "2021A",
        "fPeriodEndDate": 44377,
        "curCode": "AUD"
      },
      {
        "revenue": 1897272000,
        "netIncome": -662285000,
        "period": "2020A",
        "fPeriodEndDate": 44012,
        "curCode": "AUD"
      },
      {
        "revenue": 3055268000,
        "netIncome": 263825000,
        "period": "2019A",
        "fPeriodEndDate": 43646,
        "curCode": "AUD"
      }
    ]
  },
  {
    "symbol": "GEM",
    "displayName": "G8 EDUCATION LIMITED",
    "industry": "Consumer Services",
    "dateListed": "2007-12-05",
    "marketCap": 809257751,
    "xid": "9231396",
    "priceChangeFiveDayPercent": -0.5208333333333223,
    "isRecentListing": false,
    "priceAsk": 0.965,
    "priceBid": 0.9450000000000001,
    "priceChange": 0,
    "priceChangePercent": 0,
    "priceLast": 0.9550000000000001,
    "sector": "Consumer Discretionary",
    "industryGroup": "Consumer Services",
    "securityType": 1,
    "volume": 461362,
    "statusCode": "",
    "isin": "AU000000GEM7",
    "priceClose": 0.9550000000000001,
    "priceDayHigh": 0.97,
    "priceDayLow": 0.9500000000000001,
    "priceFiftyTwoWeekHigh": 1.33,
    "priceFiftyTwoWeekLow": 0.9025,
    "volumeAverage": 1328622.824176,
    "dateExDate": "2022-09-08",
    "datePayDate": "2022-10-07",
    "dateRecordDate": "2022-09-09",
    "dividend": 0.01,
    "dividendType": "I",
    "frankingPercent": 100,
    "cashFlow": 1.957,
    "earningsPerShare": 0.03415,
    "freeCashFlowYield": 0.14826786071717166,
    "priceEarningsRatio": 27.96486,
    "priceToCash": 6.74455,
    "foreignExempt": false,
    "shareDescription": "Ordinary Fully Paid",
    "numOfShares": 847390315,
    "yieldAnnual": 4.18848167539267,
    "incomeStatement": [
      {
        "revenue": 845073000,
        "netIncome": 45681000,
        "period": "2021A",
        "fPeriodEndDate": 44561,
        "curCode": "AUD"
      },
      {
        "revenue": 616186000,
        "netIncome": -188970000,
        "period": "2020A",
        "fPeriodEndDate": 44196,
        "curCode": "AUD"
      },
      {
        "revenue": 916622000,
        "netIncome": 52019000,
        "period": "2019A",
        "fPeriodEndDate": 43830,
        "curCode": "AUD"
      },
      {
        "revenue": 851530000,
        "netIncome": 71831000,
        "period": "2018A",
        "fPeriodEndDate": 43465,
        "curCode": "AUD"
      }
    ]
  },
  {
    "symbol": "HLO",
    "displayName": "HELLOWORLD TRAVEL LIMITED",
    "industry": "Consumer Services",
    "dateListed": "2000-09-13",
    "marketCap": 254245666,
    "xid": "172915",
    "priceChangeFiveDayPercent": -5.882352941176462,
    "isRecentListing": false,
    "priceAsk": 1.61,
    "priceBid": 1.6,
    "priceChange": -0.040000000000000036,
    "priceChangePercent": -2.4390243902439046,
    "priceLast": 1.6,
    "sector": "Consumer Discretionary",
    "industryGroup": "Consumer Services",
    "securityType": 1,
    "volume": 272930,
    "statusCode": "",
    "isin": "AU000000HLO6",
    "priceClose": 1.6400000000000001,
    "priceDayHigh": 1.675,
    "priceDayLow": 1.595,
    "priceFiftyTwoWeekHigh": 2.87,
    "priceFiftyTwoWeekLow": 1.59,
    "volumeAverage": 166456.230769,
    "dateExDate": "2022-09-02",
    "datePayDate": "2022-09-23",
    "dateRecordDate": "2022-09-05",
    "dividend": 0.1,
    "dividendType": "F",
    "frankingPercent": 100,
    "cashFlow": -20.239,
    "earningsPerShare": -0.18128,
    "freeCashFlowYield": -0.0000100000010000001,
    "priceEarningsRatio": -99999.99,
    "priceToCash": -99999.99,
    "foreignExempt": false,
    "shareDescription": "Ordinary Fully Paid",
    "numOfShares": 155027845,
    "yieldAnnual": 6.25,
    "incomeStatement": [
      {
        "revenue": 67364000,
        "netIncome": 90527000,
        "period": "2022A",
        "fPeriodEndDate": 44742,
        "curCode": "AUD"
      },
      {
        "revenue": 57498000,
        "netIncome": -35496000,
        "period": "2021A",
        "fPeriodEndDate": 44377,
        "curCode": "AUD"
      },
      {
        "revenue": 294879000,
        "netIncome": -69874000,
        "period": "2020A",
        "fPeriodEndDate": 44012,
        "curCode": "AUD"
      },
      {
        "revenue": 357562000,
        "netIncome": 38008000,
        "period": "2019A",
        "fPeriodEndDate": 43646,
        "curCode": "AUD"
      }
    ]
  },
  {
    "symbol": "HRO",
    "displayName": "HIRO BRANDS LIMITED",
    "industry": "Consumer Services",
    "dateListed": "2016-01-14",
    "marketCap": -1,
    "xid": "633092831",
    "priceChangeFiveDayPercent": 0,
    "isRecentListing": false,
    "priceChange": 0,
    "priceChangePercent": 0,
    "priceLast": 0.068,
    "sector": "Consumer Discretionary",
    "industryGroup": "Consumer Services",
    "securityType": 1,
    "volume": 0,
    "statusCode": "RE",
    "isin": "AU0000240053",
    "priceClose": 0.068,
    "priceFiftyTwoWeekHigh": 0.07100000000000001,
    "priceFiftyTwoWeekLow": 0.065,
    "cashFlow": -1.98855,
    "earningsPerShare": 0.03922,
    "freeCashFlowYield": 1.1219944573473808,
    "priceEarningsRatio": -99999.99,
    "priceToCash": 0.89127,
    "foreignExempt": false,
    "shareDescription": "Ordinary Fully Paid",
    "numOfShares": 2082542,
    "yieldAnnual": 0,
    "incomeStatement": [
      {
        "revenue": 8017720,
        "netIncome": 5427820,
        "period": "2022A",
        "fPeriodEndDate": 44742,
        "curCode": "AUD"
      },
      {
        "revenue": 5042000,
        "netIncome": -11923000,
        "period": "2021A",
        "fPeriodEndDate": 44377,
        "curCode": "AUD"
      },
      {
        "revenue": 10793000,
        "netIncome": -11786000,
        "period": "2020A",
        "fPeriodEndDate": 44012,
        "curCode": "AUD"
      },
      {
        "revenue": 9967000,
        "netIncome": -13552000,
        "period": "2019A",
        "fPeriodEndDate": 43646,
        "curCode": "AUD"
      }
    ]
  },
  {
    "symbol": "ICT",
    "displayName": "ICOLLEGE LIMITED",
    "industry": "Consumer Services",
    "dateListed": "2009-08-24",
    "marketCap": 273845966,
    "xid": "19876426",
    "priceChangeFiveDayPercent": 13.333333333333332,
    "isRecentListing": false,
    "priceAsk": 0.255,
    "priceBid": 0.25,
    "priceChange": 0.0050000000000000044,
    "priceChangePercent": 2.0000000000000018,
    "priceLast": 0.255,
    "sector": "Consumer Discretionary",
    "industryGroup": "Consumer Services",
    "securityType": 1,
    "volume": 606081,
    "statusCode": "",
    "isin": "AU000000ICT2",
    "priceClose": 0.25,
    "priceDayHigh": 0.26,
    "priceDayLow": 0.25,
    "priceFiftyTwoWeekHigh": 0.265,
    "priceFiftyTwoWeekLow": 0.093,
    "volumeAverage": 2430703.307692,
    "cashFlow": 8.273,
    "earningsPerShare": -0.00969,
    "freeCashFlowYield": -0.0000100000010000001,
    "priceEarningsRatio": -99999.99,
    "priceToCash": -99999.99,
    "foreignExempt": false,
    "shareDescription": "Ordinary Fully Paid",
    "numOfShares": 1095383863,
    "yieldAnnual": 0,
    "incomeStatement": [
      {
        "revenue": 48310000,
        "netIncome": -8695000,
        "period": "2022A",
        "fPeriodEndDate": 44742,
        "curCode": "AUD"
      },
      {
        "revenue": 16291100,
        "netIncome": 308100,
        "period": "2021A",
        "fPeriodEndDate": 44377,
        "curCode": "AUD"
      },
      {
        "revenue": 10807660,
        "netIncome": -2640240,
        "period": "2020A",
        "fPeriodEndDate": 44012,
        "curCode": "AUD"
      },
      {
        "revenue": 8545270,
        "netIncome": -13495190,
        "period": "2019A",
        "fPeriodEndDate": 43646,
        "curCode": "AUD"
      }
    ]
  },
  {
    "symbol": "IEL",
    "displayName": "IDP EDUCATION LIMITED",
    "industry": "Consumer Services",
    "dateListed": "2015-11-26",
    "marketCap": 8408536934,
    "xid": "318107285",
    "priceChangeFiveDayPercent": 0.6091370558375625,
    "isRecentListing": false,
    "priceAsk": 30.400000000000002,
    "priceBid": 29.69,
    "priceChange": -0.4800000000000004,
    "priceChangePercent": -1.5888778550148972,
    "priceLast": 29.73,
    "sector": "Consumer Discretionary",
    "industryGroup": "Consumer Services",
    "securityType": 1,
    "volume": 932450,
    "statusCode": "",
    "isin": "AU000000IEL5",
    "priceClose": 30.21,
    "priceDayHigh": 30.46,
    "priceDayLow": 29.73,
    "priceFiftyTwoWeekHigh": 38.3,
    "priceFiftyTwoWeekLow": 20.53,
    "volumeAverage": 859521.472527,
    "dateExDate": "2022-09-07",
    "datePayDate": "2022-09-29",
    "dateRecordDate": "2022-09-08",
    "dividend": 0.135,
    "dividendType": "F",
    "frankingPercent": 14,
    "cashFlow": 73.411,
    "earningsPerShare": 0.36792,
    "freeCashFlowYield": 0.016776758552414034,
    "priceEarningsRatio": 82.11024,
    "priceToCash": 59.60627,
    "foreignExempt": false,
    "shareDescription": "Ordinary Fully Paid",
    "numOfShares": 278336211,
    "yieldAnnual": 0.9081735620585268,
    "incomeStatement": [
      {
        "revenue": 793331000,
        "netIncome": 102604000,
        "period": "2022A",
        "fPeriodEndDate": 44742,
        "curCode": "AUD"
      },
      {
        "revenue": 528742000,
        "netIncome": 39683000,
        "period": "2021A",
        "fPeriodEndDate": 44377,
        "curCode": "AUD"
      },
      {
        "revenue": 587106000,
        "netIncome": 68110000,
        "period": "2020A",
        "fPeriodEndDate": 44012,
        "curCode": "AUD"
      },
      {
        "revenue": 598136000,
        "netIncome": 66627000,
        "period": "2019A",
        "fPeriodEndDate": 43646,
        "curCode": "AUD"
      }
    ]
  },
  {
    "symbol": "IVC",
    "displayName": "INVOCARE LIMITED",
    "industry": "Consumer Services",
    "dateListed": "2003-12-04",
    "marketCap": 1610598995,
    "xid": "170912",
    "priceChangeFiveDayPercent": 0.7207207207207214,
    "isRecentListing": false,
    "priceAsk": 11.27,
    "priceBid": 11.1,
    "priceChange": 0,
    "priceChangePercent": 0,
    "priceLast": 11.18,
    "sector": "Consumer Discretionary",
    "industryGroup": "Consumer Services",
    "securityType": 1,
    "volume": 164213,
    "statusCode": "",
    "isin": "AU000000IVC8",
    "priceClose": 11.18,
    "priceDayHigh": 11.31,
    "priceDayLow": 11.17,
    "priceFiftyTwoWeekHigh": 13.19,
    "priceFiftyTwoWeekLow": 9.72,
    "volumeAverage": 235139.901099,
    "dateExDate": "2022-09-01",
    "datePayDate": "2022-10-06",
    "dateRecordDate": "2022-09-02",
    "dividend": 0.135,
    "dividendType": "I",
    "frankingPercent": 100,
    "cashFlow": -19.415,
    "earningsPerShare": 0.13605,
    "freeCashFlowYield": 0.04124304899962923,
    "priceEarningsRatio": 82.17567,
    "priceToCash": 24.24651,
    "foreignExempt": false,
    "shareDescription": "Ordinary Fully Paid",
    "numOfShares": 144060733,
    "yieldAnnual": 2.2361359570661894,
    "incomeStatement": [
      {
        "revenue": 531604000,
        "netIncome": 80158000,
        "period": "2021A",
        "fPeriodEndDate": 44561,
        "curCode": "AUD"
      },
      {
        "revenue": 475217000,
        "netIncome": -11542000,
        "period": "2020A",
        "fPeriodEndDate": 44196,
        "curCode": "AUD"
      },
      {
        "revenue": 500348000,
        "netIncome": 63752000,
        "period": "2019A",
        "fPeriodEndDate": 43830,
        "curCode": "AUD"
      },
      {
        "revenue": 480797000,
        "netIncome": 41224000,
        "period": "2018A",
        "fPeriodEndDate": 43465,
        "curCode": "AUD"
      }
    ]
  },
  {
    "symbol": "ISU",
    "displayName": "ISELECT LIMITED.",
    "industry": "Consumer Services",
    "dateListed": "2013-06-24",
    "marketCap": 66023857,
    "xid": "58541004",
    "priceChangeFiveDayPercent": -1.8181818181818197,
    "isRecentListing": false,
    "priceAsk": 0.28,
    "priceBid": 0.27,
    "priceChange": -0.0050000000000000044,
    "priceChangePercent": -1.8181818181818197,
    "priceLast": 0.27,
    "sector": "Consumer Discretionary",
    "industryGroup": "Consumer Services",
    "securityType": 1,
    "volume": 282820,
    "statusCode": "",
    "isin": "AU000000ISU6",
    "priceClose": 0.275,
    "priceDayHigh": 0.275,
    "priceDayLow": 0.27,
    "priceFiftyTwoWeekHigh": 0.35,
    "priceFiftyTwoWeekLow": 0.11,
    "volumeAverage": 653103.839506,
    "dateExDate": "2021-06-01",
    "datePayDate": "2021-06-22",
    "dateRecordDate": "2021-06-02",
    "dividend": 0.01,
    "dividendType": "I",
    "frankingPercent": 0,
    "cashFlow": 1.073,
    "earningsPerShare": -0.05092,
    "freeCashFlowYield": 0.13307304246227714,
    "priceEarningsRatio": -99999.99,
    "priceToCash": 7.51467,
    "foreignExempt": false,
    "shareDescription": "Ordinary Fully Paid",
    "numOfShares": 240086753,
    "yieldAnnual": 0,
    "incomeStatement": [
      {
        "revenue": 93107000,
        "netIncome": -11819000,
        "period": "2022A",
        "fPeriodEndDate": 44742,
        "curCode": "AUD"
      },
      {
        "revenue": 110970000,
        "netIncome": -5007000,
        "period": "2021A",
        "fPeriodEndDate": 44377,
        "curCode": "AUD"
      },
      {
        "revenue": 120425000,
        "netIncome": -43324000,
        "period": "2020A",
        "fPeriodEndDate": 44012,
        "curCode": "AUD"
      },
      {
        "revenue": 149294000,
        "netIncome": -3658000,
        "period": "2019A",
        "fPeriodEndDate": 43646,
        "curCode": "AUD"
      }
    ]
  },
  {
    "symbol": "JIN",
    "displayName": "JUMBO INTERACTIVE LIMITED",
    "industry": "Consumer Services",
    "dateListed": "1972-06-14",
    "marketCap": 911743547,
    "xid": "175177",
    "priceChangeFiveDayPercent": 2.3239436619718443,
    "isRecentListing": false,
    "priceAsk": 14.65,
    "priceBid": 14,
    "priceChange": 0.040000000000000924,
    "priceChangePercent": 0.2760524499654998,
    "priceLast": 14.530000000000001,
    "sector": "Consumer Discretionary",
    "industryGroup": "Consumer Services",
    "securityType": 1,
    "volume": 164390,
    "statusCode": "",
    "isin": "AU000000JIN0",
    "priceClose": 14.49,
    "priceDayHigh": 14.8,
    "priceDayLow": 14.43,
    "priceFiftyTwoWeekHigh": 19.94,
    "priceFiftyTwoWeekLow": 11.42,
    "volumeAverage": 137463.769231,
    "dateExDate": "2022-09-01",
    "datePayDate": "2022-09-23",
    "dateRecordDate": "2022-09-02",
    "dividend": 0.205,
    "dividendType": "F",
    "frankingPercent": 100,
    "cashFlow": 12.856,
    "earningsPerShare": 0.49336,
    "freeCashFlowYield": 0.04497755844721277,
    "priceEarningsRatio": 29.37003,
    "priceToCash": 22.23331,
    "foreignExempt": false,
    "shareDescription": "Ordinary Fully Paid",
    "numOfShares": 62922260,
    "yieldAnnual": 2.9249827942188578,
    "incomeStatement": [
      {
        "revenue": 104314000,
        "netIncome": 31176000,
        "period": "2022A",
        "fPeriodEndDate": 44742,
        "curCode": "AUD"
      },
      {
        "revenue": 83504000,
        "netIncome": 26959000,
        "period": "2021A",
        "fPeriodEndDate": 44377,
        "curCode": "AUD"
      },
      {
        "revenue": 72144000,
        "netIncome": 25883000,
        "period": "2020A",
        "fPeriodEndDate": 44012,
        "curCode": "AUD"
      },
      {
        "revenue": 66675000,
        "netIncome": 26420000,
        "period": "2019A",
        "fPeriodEndDate": 43646,
        "curCode": "AUD"
      }
    ]
  },
  {
    "symbol": "KLS",
    "displayName": "KELSIAN GROUP LIMITED",
    "industry": "Consumer Services",
    "dateListed": "2013-10-16",
    "marketCap": 1132046451,
    "xid": "68502887",
    "priceChangeFiveDayPercent": 5.753968253968255,
    "isRecentListing": false,
    "priceAsk": 5.49,
    "priceBid": 5.2700000000000005,
    "priceChange": 0.15000000000000036,
    "priceChangePercent": 2.895752895752903,
    "priceLast": 5.33,
    "sector": "Industrials",
    "industryGroup": "Transportation",
    "securityType": 1,
    "volume": 1577585,
    "statusCode": "",
    "isin": "AU0000186678",
    "priceClose": 5.18,
    "priceDayHigh": 5.3500000000000005,
    "priceDayLow": 5.18,
    "priceFiftyTwoWeekHigh": 8.07,
    "priceFiftyTwoWeekLow": 4.32,
    "volumeAverage": 632865.263736,
    "dateExDate": "2022-09-02",
    "datePayDate": "2022-10-05",
    "dateRecordDate": "2022-09-05",
    "dividend": 0.095,
    "dividendType": "F",
    "frankingPercent": 100,
    "cashFlow": 59.301,
    "earningsPerShare": 0.24148,
    "freeCashFlowYield": 0.13443353740344313,
    "priceEarningsRatio": 21.45105,
    "priceToCash": 7.43862,
    "foreignExempt": false,
    "shareDescription": "Ordinary Fully Paid",
    "numOfShares": 218541786,
    "yieldAnnual": 3.095684803001876,
    "incomeStatement": [
      {
        "revenue": 1324808000,
        "netIncome": 52910000,
        "period": "2022A",
        "fPeriodEndDate": 44742,
        "curCode": "AUD"
      },
      {
        "revenue": 1173302000,
        "netIncome": 37798000,
        "period": "2021A",
        "fPeriodEndDate": 44377,
        "curCode": "AUD"
      },
      {
        "revenue": 624130000,
        "netIncome": -13572000,
        "period": "2020A",
        "fPeriodEndDate": 44012,
        "curCode": "AUD"
      },
      {
        "revenue": 248817000,
        "netIncome": 21543000,
        "period": "2019A",
        "fPeriodEndDate": 43646,
        "curCode": "AUD"
      }
    ]
  },
  {
    "symbol": "KED",
    "displayName": "KEYPATH EDUCATION INTERNATIONAL INC.",
    "industry": "Consumer Services",
    "dateListed": "2021-06-02",
    "marketCap": 193083653,
    "xid": "660038965",
    "priceChangeFiveDayPercent": -23.333333333333332,
    "isRecentListing": false,
    "priceAsk": 1.1,
    "priceBid": 0.8,
    "priceChange": -0.09499999999999997,
    "priceChangePercent": -10.555555555555552,
    "priceLast": 0.805,
    "sector": "Consumer Discretionary",
    "industryGroup": "Consumer Services",
    "securityType": 1,
    "volume": 601,
    "statusCode": "",
    "isin": "AU0000152928",
    "priceClose": 0.9,
    "priceDayHigh": 0.9500000000000001,
    "priceDayLow": 0.805,
    "priceFiftyTwoWeekHigh": 2.86,
    "priceFiftyTwoWeekLow": 0.805,
    "volumeAverage": 28044.34375,
    "cashFlow": -9.84133,
    "earningsPerShare": -0.19189,
    "freeCashFlowYield": -0.0000100000010000001,
    "priceEarningsRatio": -99999.99,
    "priceToCash": -99999.99,
    "foreignExempt": false,
    "shareDescription": "Cdi 1:1 Us Person Prohibited Excluding Qib",
    "numOfShares": 214537392,
    "yieldAnnual": 0,
    "incomeStatement": [
      {
        "revenue": 118399000,
        "netIncome": -26695000,
        "period": "2022A",
        "fPeriodEndDate": 44742,
        "curCode": "USD"
      },
      {
        "revenue": 98092000,
        "netIncome": -78734000,
        "period": "2021A",
        "fPeriodEndDate": 44377,
        "curCode": "USD"
      },
      {
        "revenue": 55484000,
        "netIncome": -11398000,
        "period": "2020A",
        "fPeriodEndDate": 44012,
        "curCode": "USD"
      },
      {
        "revenue": 37242000,
        "netIncome": -19691000,
        "period": "2019A",
        "fPeriodEndDate": 43646,
        "curCode": "USD"
      }
    ]
  },
  {
    "symbol": "KME",
    "displayName": "KIP MCGRATH EDUCATION CENTRES LIMITED",
    "industry": "Consumer Services",
    "dateListed": "2003-08-15",
    "marketCap": 45809777,
    "xid": "178373",
    "priceChangeFiveDayPercent": 1.204819277108435,
    "isRecentListing": false,
    "priceAsk": 0.855,
    "priceBid": 0.8300000000000001,
    "priceChange": 0.029999999999999916,
    "priceChangePercent": 3.703703703703693,
    "priceLast": 0.84,
    "sector": "Consumer Discretionary",
    "industryGroup": "Consumer Services",
    "securityType": 1,
    "volume": 4250,
    "statusCode": "",
    "isin": "AU000000KME9",
    "priceClose": 0.81,
    "priceDayHigh": 0.84,
    "priceDayLow": 0.81,
    "priceFiftyTwoWeekHigh": 1.2425,
    "priceFiftyTwoWeekLow": 0.75,
    "volumeAverage": 16205.04878,
    "dateExDate": "2022-09-07",
    "datePayDate": "2022-09-22",
    "dateRecordDate": "2022-09-08",
    "dividend": 0.01,
    "dividendType": "F",
    "frankingPercent": 100,
    "cashFlow": -0.81,
    "earningsPerShare": 0.03409,
    "freeCashFlowYield": 0.1178787946657488,
    "priceEarningsRatio": 23.76063,
    "priceToCash": 8.48329,
    "foreignExempt": false,
    "shareDescription": "Ordinary Fully Paid",
    "numOfShares": 56555280,
    "yieldAnnual": 2.380952380952381,
    "incomeStatement": [
      {
        "revenue": 24648000,
        "netIncome": 1878000,
        "period": "2022A",
        "fPeriodEndDate": 44742,
        "curCode": "AUD"
      },
      {
        "revenue": 19278000,
        "netIncome": 1733000,
        "period": "2021A",
        "fPeriodEndDate": 44377,
        "curCode": "AUD"
      },
      {
        "revenue": 17123000,
        "netIncome": 1573000,
        "period": "2020A",
        "fPeriodEndDate": 44012,
        "curCode": "AUD"
      },
      {
        "revenue": 16263000,
        "netIncome": 2652000,
        "period": "2019A",
        "fPeriodEndDate": 43646,
        "curCode": "AUD"
      }
    ]
  },
  {
    "symbol": "MMM",
    "displayName": "MARLEY SPOON AG",
    "industry": "Consumer Services",
    "dateListed": "2018-07-02",
    "marketCap": 49632860,
    "xid": "739228644",
    "priceChangeFiveDayPercent": -12.820512820512818,
    "isRecentListing": false,
    "priceAsk": 0.17,
    "priceBid": 0.165,
    "priceChange": 0,
    "priceChangePercent": 0,
    "priceLast": 0.17,
    "sector": "Consumer Discretionary",
    "industryGroup": "Retailing",
    "securityType": 1,
    "volume": 340824,
    "statusCode": "RE",
    "isin": "AU0000013070",
    "priceClose": 0.17,
    "priceDayHigh": 0.185,
    "priceDayLow": 0.165,
    "priceFiftyTwoWeekHigh": 1,
    "priceFiftyTwoWeekLow": 0.15,
    "volumeAverage": 545122.373626,
    "cashFlow": -59.11758,
    "earningsPerShare": -0.14832,
    "freeCashFlowYield": -0.0000100000010000001,
    "priceEarningsRatio": -99999.99,
    "priceToCash": -99999.99,
    "foreignExempt": false,
    "shareDescription": "Chess Depositary Interests 10:1",
    "numOfShares": 291958000,
    "yieldAnnual": 0,
    "incomeStatement": [
      {
        "revenue": 322393000,
        "netIncome": -46207000,
        "period": "2021A",
        "fPeriodEndDate": 44561,
        "curCode": "EUR"
      },
      {
        "revenue": 254033000,
        "netIncome": -86239000,
        "period": "2020A",
        "fPeriodEndDate": 44196,
        "curCode": "EUR"
      },
      {
        "revenue": 129558000,
        "netIncome": -34548000,
        "period": "2019A",
        "fPeriodEndDate": 43830,
        "curCode": "EUR"
      },
      {
        "revenue": 91988000,
        "netIncome": -40985000,
        "period": "2018A",
        "fPeriodEndDate": 43465,
        "curCode": "EUR"
      }
    ]
  },
  {
    "symbol": "MFD",
    "displayName": "MAYFIELD CHILDCARE LIMITED",
    "industry": "Consumer Services",
    "dateListed": "2016-11-30",
    "marketCap": 64006451,
    "xid": "372813491",
    "priceChangeFiveDayPercent": -2.512562814070354,
    "isRecentListing": false,
    "priceAsk": 0.97,
    "priceBid": 0.9500000000000001,
    "priceChange": -0.010000000000000009,
    "priceChangePercent": -1.020408163265307,
    "priceLast": 0.97,
    "sector": "Consumer Discretionary",
    "industryGroup": "Consumer Services",
    "securityType": 1,
    "volume": 63257,
    "statusCode": "",
    "isin": "AU000000MFD1",
    "priceClose": 0.98,
    "priceDayHigh": 0.975,
    "priceDayLow": 0.96,
    "priceFiftyTwoWeekHigh": 1.49,
    "priceFiftyTwoWeekLow": 0.96,
    "volumeAverage": 25833.358025,
    "dateExDate": "2022-08-25",
    "datePayDate": "2022-09-23",
    "dateRecordDate": "2022-08-26",
    "dividend": 0.0276,
    "dividendType": "I",
    "frankingPercent": 100,
    "cashFlow": 11.56088,
    "earningsPerShare": 0.07457,
    "freeCashFlowYield": 0.1792114695340502,
    "priceEarningsRatio": 13.14201,
    "priceToCash": 5.58,
    "foreignExempt": false,
    "shareDescription": "Ordinary Fully Paid",
    "numOfShares": 65312705,
    "yieldAnnual": 0,
    "incomeStatement": [
      {
        "revenue": 40062380,
        "netIncome": 2571330,
        "period": "2021A",
        "fPeriodEndDate": 44561,
        "curCode": "AUD"
      },
      {
        "revenue": 37536190,
        "netIncome": 3738720,
        "period": "2020A",
        "fPeriodEndDate": 44196,
        "curCode": "AUD"
      },
      {
        "revenue": 35865870,
        "netIncome": 3346510,
        "period": "2019A",
        "fPeriodEndDate": 43830,
        "curCode": "AUD"
      },
      {
        "revenue": 31488840,
        "netIncome": 4274740,
        "period": "2018A",
        "fPeriodEndDate": 43465,
        "curCode": "AUD"
      }
    ]
  },
  {
    "symbol": "MCL",
    "displayName": "MIGHTY CRAFT LIMITED",
    "industry": "Consumer Services",
    "dateListed": "2019-12-17",
    "marketCap": 65690903,
    "xid": "566872702",
    "priceChangeFiveDayPercent": -4.545454545454549,
    "isRecentListing": false,
    "priceAsk": 0.21,
    "priceBid": 0.195,
    "priceChange": 0.009999999999999981,
    "priceChangePercent": 4.99999999999999,
    "priceLast": 0.21,
    "sector": "Consumer Discretionary",
    "industryGroup": "Consumer Services",
    "securityType": 1,
    "volume": 137300,
    "statusCode": "",
    "isin": "AU0000115610",
    "priceClose": 0.2,
    "priceDayHigh": 0.21,
    "priceDayLow": 0.2,
    "priceFiftyTwoWeekHigh": 0.395,
    "priceFiftyTwoWeekLow": 0.125,
    "volumeAverage": 197446.133333,
    "cashFlow": -14.686,
    "earningsPerShare": -0.05461,
    "freeCashFlowYield": -0.0000100000010000001,
    "priceEarningsRatio": -99999.99,
    "priceToCash": -99999.99,
    "foreignExempt": false,
    "shareDescription": "Ordinary Fully Paid",
    "numOfShares": 328454515,
    "yieldAnnual": 0,
    "incomeStatement": [
      {
        "revenue": 62598000,
        "netIncome": -20644000,
        "period": "2022A",
        "fPeriodEndDate": 44742,
        "curCode": "AUD"
      },
      {
        "revenue": 29307960,
        "netIncome": -15001100,
        "period": "2021A",
        "fPeriodEndDate": 44377,
        "curCode": "AUD"
      },
      {
        "revenue": 9280040,
        "netIncome": -8516680,
        "period": "2020A",
        "fPeriodEndDate": 44012,
        "curCode": "AUD"
      },
      {
        "revenue": 4002960,
        "netIncome": -1526160,
        "period": "2019A",
        "fPeriodEndDate": 43646,
        "curCode": "AUD"
      }
    ]
  },
  {
    "symbol": "OLI",
    "displayName": "OLIVER'S REAL FOOD LIMITED",
    "industry": "Consumer Services",
    "dateListed": "2017-06-21",
    "marketCap": -1,
    "xid": "411920751",
    "priceChangeFiveDayPercent": 0,
    "isRecentListing": false,
    "priceChange": 0,
    "priceChangePercent": 0,
    "priceLast": 0.059000000000000004,
    "sector": "Consumer Discretionary",
    "industryGroup": "Consumer Services",
    "securityType": 1,
    "volume": 0,
    "statusCode": "",
    "isin": "AU000000OLI4",
    "priceClose": 0.059000000000000004,
    "priceFiftyTwoWeekHigh": 0.065,
    "priceFiftyTwoWeekLow": 0.059000000000000004,
    "cashFlow": -2.21806,
    "earningsPerShare": -0.03762,
    "freeCashFlowYield": -0.0000100000010000001,
    "priceEarningsRatio": -99999.99,
    "priceToCash": -99999.99,
    "foreignExempt": false,
    "shareDescription": "Ordinary Fully Paid",
    "numOfShares": 360731917,
    "yieldAnnual": 0,
    "incomeStatement": [
      {
        "revenue": 19486470,
        "netIncome": -11669880,
        "period": "2022A",
        "fPeriodEndDate": 44742,
        "curCode": "AUD"
      },
      {
        "revenue": 28180330,
        "netIncome": -9284870,
        "period": "2021A",
        "fPeriodEndDate": 44377,
        "curCode": "AUD"
      },
      {
        "revenue": 28539650,
        "netIncome": -17506370,
        "period": "2020A",
        "fPeriodEndDate": 44012,
        "curCode": "AUD"
      },
      {
        "revenue": 34973120,
        "netIncome": -15661500,
        "period": "2019A",
        "fPeriodEndDate": 43646,
        "curCode": "AUD"
      }
    ]
  },
  {
    "symbol": "PBH",
    "displayName": "POINTSBET HOLDINGS LIMITED",
    "industry": "Consumer Services",
    "dateListed": "2019-06-12",
    "marketCap": 600659768,
    "xid": "538365188",
    "priceChangeFiveDayPercent": -3.108808290155432,
    "isRecentListing": false,
    "priceAsk": 1.8800000000000001,
    "priceBid": 1.865,
    "priceChange": -0.09499999999999997,
    "priceChangePercent": -4.834605597964375,
    "priceLast": 1.87,
    "sector": "Consumer Discretionary",
    "industryGroup": "Consumer Services",
    "securityType": 1,
    "volume": 1182081,
    "statusCode": "",
    "isin": "AU0000047797",
    "priceClose": 1.965,
    "priceDayHigh": 1.99,
    "priceDayLow": 1.865,
    "priceFiftyTwoWeekHigh": 8.01,
    "priceFiftyTwoWeekLow": 1.78,
    "volumeAverage": 2095267.21978,
    "cashFlow": -286.102,
    "earningsPerShare": -1.05162,
    "freeCashFlowYield": -0.0000100000010000001,
    "priceEarningsRatio": -99999.99,
    "priceToCash": -99999.99,
    "foreignExempt": false,
    "shareDescription": "Ordinary Fully Paid",
    "numOfShares": 305679271,
    "yieldAnnual": 0,
    "incomeStatement": [
      {
        "revenue": 296483000,
        "netIncome": -267689000,
        "period": "2022A",
        "fPeriodEndDate": 44742,
        "curCode": "AUD"
      },
      {
        "revenue": 194658000,
        "netIncome": -187733000,
        "period": "2021A",
        "fPeriodEndDate": 44377,
        "curCode": "AUD"
      },
      {
        "revenue": 75173420,
        "netIncome": -41463390,
        "period": "2020A",
        "fPeriodEndDate": 44012,
        "curCode": "AUD"
      },
      {
        "revenue": 25615270,
        "netIncome": -41885150,
        "period": "2019A",
        "fPeriodEndDate": 43646,
        "curCode": "AUD"
      }
    ]
  },
  {
    "symbol": "PFP",
    "displayName": "PROPEL FUNERAL PARTNERS LIMITED",
    "industry": "Consumer Services",
    "dateListed": "2017-11-23",
    "marketCap": 528460755,
    "xid": "440268233",
    "priceChangeFiveDayPercent": 2.6490066225165587,
    "isRecentListing": false,
    "priceAsk": 4.65,
    "priceBid": 4.6000000000000005,
    "priceChange": 0.16999999999999993,
    "priceChangePercent": 3.794642857142855,
    "priceLast": 4.65,
    "sector": "Consumer Discretionary",
    "industryGroup": "Consumer Services",
    "securityType": 1,
    "volume": 36170,
    "statusCode": "",
    "isin": "AU000000PFP8",
    "priceClose": 4.48,
    "priceDayHigh": 4.65,
    "priceDayLow": 4.54,
    "priceFiftyTwoWeekHigh": 5.2,
    "priceFiftyTwoWeekLow": 4.15,
    "volumeAverage": 40678.351648,
    "dateExDate": "2022-08-31",
    "datePayDate": "2022-10-04",
    "dateRecordDate": "2022-09-01",
    "dividend": 0.0625,
    "dividendType": "F",
    "frankingPercent": 100,
    "cashFlow": -1.402,
    "earningsPerShare": -0.0105,
    "freeCashFlowYield": 0.018949374661161495,
    "priceEarningsRatio": -99999.99,
    "priceToCash": 52.77219,
    "foreignExempt": false,
    "shareDescription": "Ordinary Fully Paid",
    "numOfShares": 117959990,
    "yieldAnnual": 0,
    "incomeStatement": [
      {
        "revenue": 145331000,
        "netIncome": -318000,
        "period": "2022A",
        "fPeriodEndDate": 44742,
        "curCode": "AUD"
      },
      {
        "revenue": 120537000,
        "netIncome": 14443000,
        "period": "2021A",
        "fPeriodEndDate": 44377,
        "curCode": "AUD"
      },
      {
        "revenue": 110993000,
        "netIncome": 10624000,
        "period": "2020A",
        "fPeriodEndDate": 44012,
        "curCode": "AUD"
      },
      {
        "revenue": 95439000,
        "netIncome": 12340000,
        "period": "2019A",
        "fPeriodEndDate": 43646,
        "curCode": "AUD"
      }
    ]
  },
  {
    "symbol": "RCT",
    "displayName": "REEF CASINO TRUST",
    "industry": "Consumer Services",
    "dateListed": "1994-02-11",
    "marketCap": 157869284,
    "xid": "239963",
    "priceChangeFiveDayPercent": -0.9404388714733481,
    "isRecentListing": false,
    "priceAsk": 3.17,
    "priceBid": 3.15,
    "priceChange": -0.009999999999999787,
    "priceChangePercent": -0.3154574132492046,
    "priceLast": 3.16,
    "sector": "Consumer Discretionary",
    "industryGroup": "Consumer Services",
    "securityType": 6,
    "volume": 11460,
    "statusCode": "",
    "isin": "AU000000RCT3",
    "priceClose": 3.17,
    "priceDayHigh": 3.17,
    "priceDayLow": 3.0100000000000002,
    "priceFiftyTwoWeekHigh": 3.33,
    "priceFiftyTwoWeekLow": 2.4,
    "volumeAverage": 2502.078947,
    "dateExDate": "2022-06-29",
    "datePayDate": "2022-09-14",
    "dateRecordDate": "2022-06-30",
    "dividend": 0.1318,
    "dividendType": "I",
    "frankingPercent": 0,
    "cashFlow": 0.556,
    "earningsPerShare": 0.30453,
    "freeCashFlowYield": 0.07879841867333408,
    "priceEarningsRatio": 10.40948,
    "priceToCash": 12.69061,
    "foreignExempt": false,
    "shareDescription": "Units Fully Paid",
    "numOfShares": 49801036,
    "yieldAnnual": 9.61198738170347,
    "incomeStatement": [
      {
        "revenue": 26874000,
        "netIncome": 7361000,
        "period": "2021A",
        "fPeriodEndDate": 44561,
        "curCode": "AUD"
      },
      {
        "revenue": 15663000,
        "netIncome": -209000,
        "period": "2020A",
        "fPeriodEndDate": 44196,
        "curCode": "AUD"
      },
      {
        "revenue": 19060000,
        "netIncome": 3335000,
        "period": "2019A",
        "fPeriodEndDate": 43830,
        "curCode": "AUD"
      },
      {
        "revenue": 21417000,
        "netIncome": 5050000,
        "period": "2018A",
        "fPeriodEndDate": 43465,
        "curCode": "AUD"
      }
    ]
  },
  {
    "symbol": "RBD",
    "displayName": "RESTAURANT BRANDS NEW ZEALAND LIMITED",
    "industry": "Consumer Services",
    "dateListed": "2017-09-28",
    "marketCap": 808435229,
    "xid": "428980596",
    "priceChangeFiveDayPercent": 1.0937499999999905,
    "isRecentListing": false,
    "priceAsk": 7.6000000000000005,
    "priceBid": 6.33,
    "priceChange": -0.010000000000000675,
    "priceChangePercent": -0.1543209876543314,
    "priceLast": 6.47,
    "sector": "Consumer Discretionary",
    "industryGroup": "Consumer Services",
    "securityType": 1,
    "volume": 414,
    "statusCode": "",
    "isin": "NZRBDE0001S1",
    "priceClose": 6.48,
    "priceDayHigh": 6.47,
    "priceDayLow": 6.47,
    "priceFiftyTwoWeekHigh": 12.53,
    "priceFiftyTwoWeekLow": 6.39,
    "volumeAverage": 691.392857,
    "dateExDate": "2022-04-07",
    "datePayDate": "2022-04-22",
    "dateRecordDate": "2022-04-08",
    "dividend": 0.297,
    "dividendType": "F",
    "frankingPercent": 0,
    "cashFlow": -15.593,
    "earningsPerShare": 0.26175,
    "freeCashFlowYield": 0.137484447071925,
    "priceEarningsRatio": 26.9341,
    "priceToCash": 7.27355,
    "foreignExempt": true,
    "shareDescription": "Ordinary Fully Paid Foreign Exempt Nzx",
    "numOfShares": 124758523,
    "yieldAnnual": 0,
    "incomeStatement": [
      {
        "revenue": 1114441000,
        "netIncome": 51881000,
        "period": "2021A",
        "fPeriodEndDate": 44561,
        "curCode": "NZD"
      },
      {
        "revenue": 924728000,
        "netIncome": 30644000,
        "period": "2020A",
        "fPeriodEndDate": 44196,
        "curCode": "NZD"
      },
      {
        "revenue": 733666000,
        "netIncome": 30091000,
        "period": "2019A",
        "fPeriodEndDate": 43830,
        "curCode": "NZD"
      },
      {
        "revenue": 766289000,
        "netIncome": 35466000,
        "period": "2018A",
        "fPeriodEndDate": 43157,
        "curCode": "NZD"
      }
    ]
  },
  {
    "symbol": "RFG",
    "displayName": "RETAIL FOOD GROUP LIMITED",
    "industry": "Consumer Services",
    "dateListed": "2006-06-22",
    "marketCap": 123569206,
    "xid": "4888444",
    "priceChangeFiveDayPercent": 1.8518518518518534,
    "isRecentListing": false,
    "priceAsk": 0.059000000000000004,
    "priceBid": 0.055,
    "priceChange": -0.0030000000000000027,
    "priceChangePercent": -5.172413793103453,
    "priceLast": 0.055,
    "sector": "Consumer Discretionary",
    "industryGroup": "Consumer Services",
    "securityType": 1,
    "volume": 470503,
    "statusCode": "",
    "isin": "AU000000RFG3",
    "priceClose": 0.058,
    "priceDayHigh": 0.059000000000000004,
    "priceDayLow": 0.055,
    "priceFiftyTwoWeekHigh": 0.077,
    "priceFiftyTwoWeekLow": 0.038,
    "volumeAverage": 1429014.395604,
    "dateExDate": "2017-09-11",
    "datePayDate": "2017-10-17",
    "dateRecordDate": "2017-09-12",
    "dividend": 0.15,
    "dividendType": "F",
    "frankingPercent": 100,
    "cashFlow": 12.319,
    "earningsPerShare": 0.00229,
    "freeCashFlowYield": 0.11026209299504924,
    "priceEarningsRatio": 25.32751,
    "priceToCash": 9.0693,
    "foreignExempt": false,
    "shareDescription": "Ordinary Fully Paid",
    "numOfShares": 2130503555,
    "yieldAnnual": 0,
    "incomeStatement": [
      {
        "revenue": 111843000,
        "netIncome": 5259000,
        "period": "2022A",
        "fPeriodEndDate": 44742,
        "curCode": "AUD"
      },
      {
        "revenue": 117586000,
        "netIncome": 1461000,
        "period": "2021A",
        "fPeriodEndDate": 44377,
        "curCode": "AUD"
      },
      {
        "revenue": 137219000,
        "netIncome": -3990000,
        "period": "2020A",
        "fPeriodEndDate": 44012,
        "curCode": "AUD"
      },
      {
        "revenue": 271359000,
        "netIncome": -142537000,
        "period": "2019A",
        "fPeriodEndDate": 43646,
        "curCode": "AUD"
      }
    ]
  },
  {
    "symbol": "RTE",
    "displayName": "RETECH TECHNOLOGY CO. LIMITED",
    "industry": "Consumer Services",
    "dateListed": "2017-06-22",
    "marketCap": -1,
    "xid": "402170356",
    "priceChangeFiveDayPercent": 0,
    "isRecentListing": false,
    "priceChange": 0,
    "priceChangePercent": 0,
    "priceLast": 0.14,
    "sector": "Consumer Discretionary",
    "industryGroup": "Consumer Services",
    "securityType": 1,
    "volume": 0,
    "statusCode": "",
    "isin": "AU000000RTE9",
    "priceClose": 0.14,
    "priceFiftyTwoWeekHigh": 0.28,
    "priceFiftyTwoWeekLow": 0.14,
    "volumeAverage": 4657.666667,
    "dateExDate": "2019-11-14",
    "datePayDate": "2019-11-27",
    "dateRecordDate": "2019-11-15",
    "dividend": 0.005,
    "dividendType": "I",
    "frankingPercent": 0,
    "cashFlow": -5.1113,
    "earningsPerShare": 0.00456,
    "freeCashFlowYield": 0.01739772789153282,
    "priceEarningsRatio": 30.72755,
    "priceToCash": 57.47877,
    "foreignExempt": false,
    "shareDescription": "Chess Depositary Interests 1:1",
    "numOfShares": 232912633,
    "yieldAnnual": 0,
    "incomeStatement": [
      {
        "revenue": 187344680,
        "netIncome": 5072370,
        "period": "2021A",
        "fPeriodEndDate": 44561,
        "curCode": "CNY"
      },
      {
        "revenue": 195755510,
        "netIncome": 54404060,
        "period": "2020A",
        "fPeriodEndDate": 44196,
        "curCode": "CNY"
      },
      {
        "revenue": 167740590,
        "netIncome": 53759640,
        "period": "2019A",
        "fPeriodEndDate": 43830,
        "curCode": "CNY"
      },
      {
        "revenue": 130501400,
        "netIncome": 49233150,
        "period": "2018A",
        "fPeriodEndDate": 43465,
        "curCode": "CNY"
      }
    ]
  },
  {
    "symbol": "SCT",
    "displayName": "SCOUT SECURITY LIMITED",
    "industry": "Consumer Services",
    "dateListed": "2017-08-25",
    "marketCap": 7046791,
    "xid": "403817190",
    "priceChangeFiveDayPercent": 6.896551724137925,
    "isRecentListing": false,
    "priceAsk": 0.032,
    "priceBid": 0.031,
    "priceChange": 0,
    "priceChangePercent": 0,
    "priceLast": 0.031,
    "sector": "Consumer Discretionary",
    "industryGroup": "Consumer Services",
    "securityType": 1,
    "volume": 43936,
    "statusCode": "",
    "isin": "AU000000SCT1",
    "priceClose": 0.031,
    "priceDayHigh": 0.031,
    "priceDayLow": 0.031,
    "priceFiftyTwoWeekHigh": 0.051,
    "priceFiftyTwoWeekLow": 0.02021,
    "volumeAverage": 161164.901558,
    "cashFlow": -3.75595,
    "earningsPerShare": -0.0209,
    "freeCashFlowYield": -0.0000100000010000001,
    "priceEarningsRatio": -99999.99,
    "priceToCash": -99999.99,
    "foreignExempt": false,
    "shareDescription": "Ordinary Fully Paid",
    "numOfShares": 227315830,
    "yieldAnnual": 0,
    "incomeStatement": [
      {
        "revenue": 4323350,
        "netIncome": -3288920,
        "period": "2022A",
        "fPeriodEndDate": 44742,
        "curCode": "AUD"
      },
      {
        "revenue": 1671350,
        "netIncome": -3943800,
        "period": "2021A",
        "fPeriodEndDate": 44377,
        "curCode": "AUD"
      },
      {
        "revenue": 3124850,
        "netIncome": -1593250,
        "period": "2020A",
        "fPeriodEndDate": 44012,
        "curCode": "AUD"
      },
      {
        "revenue": 2908070,
        "netIncome": -3634170,
        "period": "2019A",
        "fPeriodEndDate": 43646,
        "curCode": "AUD"
      }
    ]
  },
  {
    "symbol": "SHJ",
    "displayName": "SHINE JUSTICE LTD",
    "industry": "Consumer Services",
    "dateListed": "2013-05-15",
    "marketCap": 192320611,
    "xid": "56845837",
    "priceChangeFiveDayPercent": -0.45045045045046084,
    "isRecentListing": false,
    "priceAsk": 1.1300000000000001,
    "priceBid": 1.1,
    "priceChange": -0.0050000000000001155,
    "priceChangePercent": -0.45045045045046084,
    "priceLast": 1.105,
    "sector": "Consumer Discretionary",
    "industryGroup": "Consumer Services",
    "securityType": 1,
    "volume": 192756,
    "statusCode": "",
    "isin": "AU000000SHJ1",
    "priceClose": 1.11,
    "priceDayHigh": 1.12,
    "priceDayLow": 1.1,
    "priceFiftyTwoWeekHigh": 1.455,
    "priceFiftyTwoWeekLow": 0.82,
    "volumeAverage": 46914.2625,
    "dateExDate": "2022-09-21",
    "datePayDate": "2022-10-07",
    "dateRecordDate": "2022-09-23",
    "dividend": 0.035,
    "dividendType": "F",
    "frankingPercent": 0,
    "cashFlow": -5.073,
    "earningsPerShare": 0.17568,
    "freeCashFlowYield": 0.23149862952811323,
    "priceEarningsRatio": 6.31831,
    "priceToCash": 4.31968,
    "foreignExempt": false,
    "shareDescription": "Ordinary Fully Paid",
    "numOfShares": 173261812,
    "yieldAnnual": 5.405405405405405,
    "incomeStatement": [
      {
        "revenue": 215132000,
        "netIncome": 31143000,
        "period": "2022A",
        "fPeriodEndDate": 44742,
        "curCode": "AUD"
      },
      {
        "revenue": 187210000,
        "netIncome": 25556000,
        "period": "2021A",
        "fPeriodEndDate": 44377,
        "curCode": "AUD"
      },
      {
        "revenue": 183032000,
        "netIncome": 21476000,
        "period": "2020A",
        "fPeriodEndDate": 44012,
        "curCode": "AUD"
      },
      {
        "revenue": 177903000,
        "netIncome": 13953000,
        "period": "2019A",
        "fPeriodEndDate": 43646,
        "curCode": "AUD"
      }
    ]
  },
  {
    "symbol": "SIT",
    "displayName": "SITE GROUP INTERNATIONAL LIMITED",
    "industry": "Consumer Services",
    "dateListed": "1987-08-21",
    "marketCap": 3153735,
    "xid": "254808",
    "priceChangeFiveDayPercent": 0,
    "isRecentListing": false,
    "priceAsk": 0.004,
    "priceBid": 0.003,
    "priceChange": 0,
    "priceChangePercent": 0,
    "priceLast": 0.003,
    "sector": "Consumer Discretionary",
    "industryGroup": "Consumer Services",
    "securityType": 1,
    "volume": 625000,
    "statusCode": "",
    "isin": "AU000000SIT8",
    "priceClose": 0.003,
    "priceDayHigh": 0.003,
    "priceDayLow": 0.003,
    "priceFiftyTwoWeekHigh": 0.008,
    "priceFiftyTwoWeekLow": 0.002,
    "volumeAverage": 912613.5,
    "cashFlow": -1.72237,
    "earningsPerShare": -0.00772,
    "freeCashFlowYield": -0.0000100000010000001,
    "priceEarningsRatio": -99999.99,
    "priceToCash": -99999.99,
    "foreignExempt": false,
    "shareDescription": "Ordinary Fully Paid",
    "numOfShares": 1051245127,
    "yieldAnnual": 0,
    "incomeStatement": [
      {
        "revenue": 7141830,
        "netIncome": -7254840,
        "period": "2022A",
        "fPeriodEndDate": 44742,
        "curCode": "AUD"
      },
      {
        "revenue": 7362540,
        "netIncome": -7276210,
        "period": "2021A",
        "fPeriodEndDate": 44377,
        "curCode": "AUD"
      },
      {
        "revenue": 15320720,
        "netIncome": -10264690,
        "period": "2020A",
        "fPeriodEndDate": 44012,
        "curCode": "AUD"
      },
      {
        "revenue": 30913290,
        "netIncome": -4626470,
        "period": "2019A",
        "fPeriodEndDate": 43646,
        "curCode": "AUD"
      }
    ]
  },
  {
    "symbol": "SDR",
    "displayName": "SITEMINDER LIMITED",
    "industry": "Consumer Services",
    "dateListed": "2021-11-08",
    "marketCap": 888078334,
    "xid": "687232087",
    "priceChangeFiveDayPercent": 2.3489932885906137,
    "isRecentListing": false,
    "priceAsk": 3.29,
    "priceBid": 2.95,
    "priceChange": -0.19999999999999973,
    "priceChangePercent": -6.153846153846145,
    "priceLast": 3.0500000000000003,
    "sector": "Information Technology",
    "industryGroup": "Software & Services",
    "securityType": 1,
    "volume": 250389,
    "statusCode": "",
    "isin": "AU0000183543",
    "priceClose": 3.25,
    "priceDayHigh": 3.2800000000000002,
    "priceDayLow": 2.98,
    "priceFiftyTwoWeekHigh": 7.03,
    "priceFiftyTwoWeekLow": 2.68,
    "volumeAverage": 505179.307692,
    "cashFlow": -99999.99,
    "earningsPerShare": -99999.99,
    "freeCashFlowYield": -0.0000100000010000001,
    "priceEarningsRatio": -99999.99,
    "priceToCash": -99999.99,
    "foreignExempt": false,
    "shareDescription": "Ordinary Fully Paid",
    "numOfShares": 273254872,
    "yieldAnnual": 0,
    "incomeStatement": [
      {
        "revenue": 100761000,
        "netIncome": -121770000,
        "period": "2021A",
        "fPeriodEndDate": 44377,
        "curCode": "AUD"
      },
      {
        "revenue": 112196000,
        "netIncome": -4899000,
        "period": "2020A",
        "fPeriodEndDate": 44012,
        "curCode": "AUD"
      },
      {
        "revenue": 96862000,
        "netIncome": -147126000,
        "period": "2019A",
        "fPeriodEndDate": 43646,
        "curCode": "AUD"
      }
    ]
  },
  {
    "symbol": "SKC",
    "displayName": "SKYCITY ENTERTAINMENT GROUP LIMITED",
    "industry": "Consumer Services",
    "dateListed": "1999-03-29",
    "marketCap": 1984135595,
    "xid": "254471",
    "priceChangeFiveDayPercent": 0.7722007722007729,
    "isRecentListing": false,
    "priceAsk": 2.67,
    "priceBid": 2.5,
    "priceChange": 0,
    "priceChangePercent": 0,
    "priceLast": 2.61,
    "sector": "Consumer Discretionary",
    "industryGroup": "Consumer Services",
    "securityType": 1,
    "volume": 47526,
    "statusCode": "",
    "isin": "NZSKCE0001S2",
    "priceClose": 2.61,
    "priceDayHigh": 2.61,
    "priceDayLow": 2.58,
    "priceFiftyTwoWeekHigh": 3.09,
    "priceFiftyTwoWeekLow": 2.22,
    "volumeAverage": 333798.637363,
    "dateExDate": "2021-09-16",
    "datePayDate": "2021-09-24",
    "dateRecordDate": "2021-09-17",
    "dividend": 0.0677,
    "dividendType": "F",
    "frankingPercent": 0,
    "cashFlow": -99999.99,
    "earningsPerShare": -0.04484,
    "freeCashFlowYield": 0.028187466950195,
    "priceEarningsRatio": -99999.99,
    "priceToCash": 35.47676,
    "foreignExempt": true,
    "shareDescription": "Ordinary Fully Paid Foreign Exempt Nzx",
    "numOfShares": 760205209,
    "yieldAnnual": 2.5900383141762453,
    "incomeStatement": [
      {
        "revenue": 553543000,
        "netIncome": -33595000,
        "period": "2022A",
        "fPeriodEndDate": 44742,
        "curCode": "NZD"
      },
      {
        "revenue": 713216000,
        "netIncome": 155833000,
        "period": "2021A",
        "fPeriodEndDate": 44377,
        "curCode": "NZD"
      },
      {
        "revenue": 641653000,
        "netIncome": 235388000,
        "period": "2020A",
        "fPeriodEndDate": 44012,
        "curCode": "NZD"
      },
      {
        "revenue": 802265000,
        "netIncome": 144581000,
        "period": "2019A",
        "fPeriodEndDate": 43646,
        "curCode": "NZD"
      }
    ]
  },
  {
    "symbol": "SGH",
    "displayName": "SLATER & GORDON LIMITED",
    "industry": "Consumer Services",
    "dateListed": "2007-05-21",
    "marketCap": 77133527,
    "xid": "7334326",
    "priceChangeFiveDayPercent": -0.9259259259259267,
    "isRecentListing": false,
    "priceAsk": 0.56,
    "priceBid": 0.535,
    "priceChange": -0.015000000000000013,
    "priceChangePercent": -2.7272727272727293,
    "priceLast": 0.535,
    "sector": "Consumer Discretionary",
    "industryGroup": "Consumer Services",
    "securityType": 1,
    "volume": 15,
    "statusCode": "",
    "isin": "AU000000SGH7",
    "priceClose": 0.55,
    "priceDayHigh": 0.535,
    "priceDayLow": 0.535,
    "priceFiftyTwoWeekHigh": 0.79,
    "priceFiftyTwoWeekLow": 0.505,
    "volumeAverage": 6328.629032,
    "dateExDate": "2015-09-18",
    "datePayDate": "2015-10-29",
    "dateRecordDate": "2015-09-22",
    "dividend": 0.055,
    "dividendType": "F",
    "frankingPercent": 40,
    "cashFlow": -15.332,
    "earningsPerShare": 0.01055,
    "freeCashFlowYield": 0.12352602569835439,
    "priceEarningsRatio": 52.1327,
    "priceToCash": 8.09546,
    "foreignExempt": false,
    "shareDescription": "Ordinary Fully Paid",
    "numOfShares": 140242777,
    "yieldAnnual": 0,
    "incomeStatement": [
      {
        "revenue": 182617000,
        "netIncome": 2156000,
        "period": "2022A",
        "fPeriodEndDate": 44742,
        "curCode": "AUD"
      },
      {
        "revenue": 203443000,
        "netIncome": 14470000,
        "period": "2021A",
        "fPeriodEndDate": 44377,
        "curCode": "AUD"
      },
      {
        "revenue": 178339000,
        "netIncome": -1185000,
        "period": "2020A",
        "fPeriodEndDate": 44012,
        "curCode": "AUD"
      },
      {
        "revenue": 160372000,
        "netIncome": 31260000,
        "period": "2019A",
        "fPeriodEndDate": 43646,
        "curCode": "AUD"
      }
    ]
  },
  {
    "symbol": "TAH",
    "displayName": "TABCORP HOLDINGS LIMITED",
    "industry": "Consumer Services",
    "dateListed": "1994-08-15",
    "marketCap": 2382053416,
    "xid": "264909",
    "priceChangeFiveDayPercent": 3.960396039603964,
    "isRecentListing": false,
    "priceAsk": 1.06,
    "priceBid": 1.04,
    "priceChange": 0.0050000000000001155,
    "priceChangePercent": 0.4784688995215422,
    "priceLast": 1.05,
    "sector": "Consumer Discretionary",
    "industryGroup": "Consumer Services",
    "securityType": 1,
    "volume": 6037315,
    "statusCode": "",
    "isin": "AU000000TAH8",
    "priceClose": 1.045,
    "priceDayHigh": 1.065,
    "priceDayLow": 1.04,
    "priceFiftyTwoWeekHigh": 5.53,
    "priceFiftyTwoWeekLow": 0.895,
    "volumeAverage": 13486987.208791,
    "dateExDate": "2022-08-31",
    "datePayDate": "2022-09-23",
    "dateRecordDate": "2022-09-01",
    "dividend": 0.065,
    "dividendType": "F",
    "frankingPercent": 100,
    "cashFlow": 254.7,
    "earningsPerShare": -0.05322,
    "freeCashFlowYield": 0.07052738260893483,
    "priceEarningsRatio": -99999.99,
    "priceToCash": 14.17889,
    "foreignExempt": false,
    "shareDescription": "Ordinary Fully Paid",
    "numOfShares": 2279476953,
    "yieldAnnual": 7.3619047619047615,
    "incomeStatement": [
      {
        "revenue": 2373300000,
        "netIncome": 6775900000,
        "period": "2022A",
        "fPeriodEndDate": 44742,
        "curCode": "AUD"
      },
      {
        "revenue": 2479900000,
        "netIncome": 269400000,
        "period": "2021A",
        "fPeriodEndDate": 44377,
        "curCode": "AUD"
      },
      {
        "revenue": 5224000000,
        "netIncome": -870000000,
        "period": "2020A",
        "fPeriodEndDate": 44012,
        "curCode": "AUD"
      },
      {
        "revenue": 5488000000,
        "netIncome": 361000000,
        "period": "2019A",
        "fPeriodEndDate": 43646,
        "curCode": "AUD"
      }
    ]
  },
  {
    "symbol": "TLC",
    "displayName": "THE LOTTERY CORPORATION LIMITED",
    "industry": "Consumer Services",
    "dateListed": "2022-05-24",
    "marketCap": 10015972664,
    "xid": "722558151",
    "priceChangeFiveDayPercent": 1.3392857142857055,
    "isRecentListing": true,
    "priceAsk": 4.58,
    "priceBid": 4.5,
    "priceChange": 0.040000000000000036,
    "priceChangePercent": 0.8888888888888897,
    "priceLast": 4.54,
    "sector": "Consumer Discretionary",
    "industryGroup": "Consumer Services",
    "securityType": 1,
    "volume": 3294259,
    "statusCode": "",
    "isin": "AU0000219529",
    "priceClose": 4.5,
    "priceDayHigh": 4.57,
    "priceDayLow": 4.5,
    "priceFiftyTwoWeekHigh": 4.89,
    "priceFiftyTwoWeekLow": 3.905,
    "volumeAverage": 4903439.241758,
    "cashFlow": -99999.99,
    "earningsPerShare": 0.15572,
    "freeCashFlowYield": 0.040784863921301526,
    "priceEarningsRatio": 28.89802,
    "priceToCash": 24.5189,
    "foreignExempt": false,
    "shareDescription": "Ordinary Fully Paid",
    "numOfShares": 2225771703,
    "yieldAnnual": 0,
    "incomeStatement": [
      {
        "revenue": 3278600000,
        "netIncome": 346600000,
        "period": "2022A",
        "fPeriodEndDate": 44742,
        "curCode": "AUD"
      },
      {
        "revenue": 2951100000,
        "netIncome": 399300000,
        "period": "2021A",
        "fPeriodEndDate": 44377,
        "curCode": "AUD"
      },
      {
        "revenue": 2920000000,
        "netIncome": 450000000,
        "period": "2020A",
        "fPeriodEndDate": 44012,
        "curCode": "AUD"
      },
      {
        "revenue": 2868000000,
        "netIncome": 430000000,
        "period": "2019A",
        "fPeriodEndDate": 43646,
        "curCode": "AUD"
      }
    ]
  },
  {
    "symbol": "SGR",
    "displayName": "THE STAR ENTERTAINMENT GROUP LIMITED",
    "industry": "Consumer Services",
    "dateListed": "2011-06-06",
    "marketCap": 2779881493,
    "xid": "34171005",
    "priceChangeFiveDayPercent": -2.341137123745829,
    "isRecentListing": false,
    "priceAsk": 2.95,
    "priceBid": 2.9,
    "priceChange": 0,
    "priceChangePercent": 0,
    "priceLast": 2.92,
    "sector": "Consumer Discretionary",
    "industryGroup": "Consumer Services",
    "securityType": 1,
    "volume": 968350,
    "statusCode": "",
    "isin": "AU000000SGR6",
    "priceClose": 2.92,
    "priceDayHigh": 2.94,
    "priceDayLow": 2.9,
    "priceFiftyTwoWeekHigh": 3.82,
    "priceFiftyTwoWeekLow": 2.48,
    "volumeAverage": 2858763.655556,
    "dateExDate": "2020-02-25",
    "datePayDate": "2020-07-02",
    "dateRecordDate": "2020-02-26",
    "dividend": 0.105,
    "dividendType": "I",
    "frankingPercent": 100,
    "cashFlow": 33.4,
    "earningsPerShare": -0.21345,
    "freeCashFlowYield": 0.060542142780167854,
    "priceEarningsRatio": -99999.99,
    "priceToCash": 16.51742,
    "foreignExempt": false,
    "shareDescription": "Ordinary Fully Paid",
    "numOfShares": 952014210,
    "yieldAnnual": 0,
    "incomeStatement": [
      {
        "revenue": 1527100000,
        "netIncome": -202500000,
        "period": "2022A",
        "fPeriodEndDate": 44742,
        "curCode": "AUD"
      },
      {
        "revenue": 1545400000,
        "netIncome": 57900000,
        "period": "2021A",
        "fPeriodEndDate": 44377,
        "curCode": "AUD"
      },
      {
        "revenue": 1487000000,
        "netIncome": -94600000,
        "period": "2020A",
        "fPeriodEndDate": 44012,
        "curCode": "AUD"
      },
      {
        "revenue": 2158100000,
        "netIncome": 198000000,
        "period": "2019A",
        "fPeriodEndDate": 43646,
        "curCode": "AUD"
      }
    ]
  },
  {
    "symbol": "TCO",
    "displayName": "TRANSMETRO CORPORATION LIMITED",
    "industry": "Consumer Services",
    "dateListed": "1987-09-17",
    "marketCap": 15390195,
    "xid": "266012",
    "priceChangeFiveDayPercent": 0,
    "isRecentListing": false,
    "priceAsk": 1.99,
    "priceBid": 1.1400000000000001,
    "priceChange": -0.010000000000000009,
    "priceChangePercent": -0.869565217391305,
    "priceLast": 1.1400000000000001,
    "sector": "Consumer Discretionary",
    "industryGroup": "Consumer Services",
    "securityType": 1,
    "volume": 500,
    "statusCode": "",
    "isin": "AU000000TCO0",
    "priceClose": 1.1500000000000001,
    "priceDayHigh": 1.165,
    "priceDayLow": 1.1400000000000001,
    "priceFiftyTwoWeekHigh": 1.165,
    "priceFiftyTwoWeekLow": 0.98,
    "volumeAverage": 2477.857143,
    "dateExDate": "2019-06-11",
    "datePayDate": "2019-06-28",
    "dateRecordDate": "2019-06-12",
    "dividend": 0.1,
    "dividendType": "F",
    "frankingPercent": 100,
    "cashFlow": 5.78545,
    "earningsPerShare": 0.25662,
    "freeCashFlowYield": 0.3136300482676645,
    "priceEarningsRatio": 4.48133,
    "priceToCash": 3.18847,
    "foreignExempt": false,
    "shareDescription": "Ordinary Fully Paid",
    "numOfShares": 13382778,
    "yieldAnnual": 0,
    "incomeStatement": [
      {
        "revenue": 16046960,
        "netIncome": 3326370,
        "period": "2022A",
        "fPeriodEndDate": 44742,
        "curCode": "AUD"
      },
      {
        "revenue": 14767970,
        "netIncome": -4405420,
        "period": "2021A",
        "fPeriodEndDate": 44377,
        "curCode": "AUD"
      },
      {
        "revenue": 22610860,
        "netIncome": -876810,
        "period": "2020A",
        "fPeriodEndDate": 44012,
        "curCode": "AUD"
      },
      {
        "revenue": 28408480,
        "netIncome": 5461580,
        "period": "2019A",
        "fPeriodEndDate": 43646,
        "curCode": "AUD"
      }
    ]
  },
  {
    "symbol": "VVA",
    "displayName": "VIVA LEISURE LIMITED",
    "industry": "Consumer Services",
    "dateListed": "2019-06-07",
    "marketCap": 114211857,
    "xid": "537673599",
    "priceChangeFiveDayPercent": -0.7518796992481209,
    "isRecentListing": false,
    "priceAsk": 1.32,
    "priceBid": 1.24,
    "priceChange": 0.05499999999999994,
    "priceChangePercent": 4.347826086956516,
    "priceLast": 1.32,
    "sector": "Consumer Discretionary",
    "industryGroup": "Consumer Services",
    "securityType": 1,
    "volume": 24753,
    "statusCode": "",
    "isin": "AU0000046013",
    "priceClose": 1.2650000000000001,
    "priceDayHigh": 1.32,
    "priceDayLow": 1.225,
    "priceFiftyTwoWeekHigh": 2.37,
    "priceFiftyTwoWeekLow": 1.05,
    "volumeAverage": 116504.438202,
    "cashFlow": 15.52221,
    "earningsPerShare": -0.13943,
    "freeCashFlowYield": 0.22936148057422942,
    "priceEarningsRatio": -99999.99,
    "priceToCash": 4.35993,
    "foreignExempt": false,
    "shareDescription": "Ordinary Fully Paid",
    "numOfShares": 90286053,
    "yieldAnnual": 0,
    "incomeStatement": [
      {
        "revenue": 90762640,
        "netIncome": -12141190,
        "period": "2022A",
        "fPeriodEndDate": 44742,
        "curCode": "AUD"
      },
      {
        "revenue": 83595660,
        "netIncome": -6384900,
        "period": "2021A",
        "fPeriodEndDate": 44377,
        "curCode": "AUD"
      },
      {
        "revenue": 40367120,
        "netIncome": -6246350,
        "period": "2020A",
        "fPeriodEndDate": 44012,
        "curCode": "AUD"
      },
      {
        "revenue": 31105640,
        "netIncome": 2855100,
        "period": "2019A",
        "fPeriodEndDate": 43646,
        "curCode": "AUD"
      }
    ]
  },
  {
    "symbol": "XRG",
    "displayName": "XREALITY GROUP LTD",
    "industry": "Consumer Services",
    "dateListed": "2013-01-18",
    "marketCap": 24138911,
    "xid": "52015058",
    "priceChangeFiveDayPercent": 16.3265306122449,
    "isRecentListing": false,
    "priceAsk": 0.062,
    "priceBid": 0.057,
    "priceChange": 0,
    "priceChangePercent": 0,
    "priceLast": 0.057,
    "sector": "Consumer Discretionary",
    "industryGroup": "Consumer Services",
    "securityType": 1,
    "volume": 304614,
    "statusCode": "",
    "isin": "AU0000196065",
    "priceClose": 0.057,
    "priceDayHigh": 0.057,
    "priceDayLow": 0.057,
    "priceFiftyTwoWeekHigh": 0.095,
    "priceFiftyTwoWeekLow": 0.027,
    "volumeAverage": 365987.206897,
    "cashFlow": -0.75511,
    "earningsPerShare": -0.01991,
    "freeCashFlowYield": -0.0000100000010000001,
    "priceEarningsRatio": -99999.99,
    "priceToCash": -99999.99,
    "foreignExempt": false,
    "shareDescription": "Ordinary Fully Paid",
    "numOfShares": 423489675,
    "yieldAnnual": 0,
    "incomeStatement": [
      {
        "revenue": 6574710,
        "netIncome": -6932210,
        "period": "2022A",
        "fPeriodEndDate": 44742,
        "curCode": "AUD"
      },
      {
        "revenue": 7265180,
        "netIncome": 4062460,
        "period": "2021A",
        "fPeriodEndDate": 44377,
        "curCode": "AUD"
      },
      {
        "revenue": 5002090,
        "netIncome": -5440250,
        "period": "2020A",
        "fPeriodEndDate": 44012,
        "curCode": "AUD"
      },
      {
        "revenue": 7507200,
        "netIncome": -7401000,
        "period": "2019A",
        "fPeriodEndDate": 43646,
        "curCode": "AUD"
      }
    ]
  }
]