[
  {
    "symbol": "TOT",
    "displayName": "360 CAPITAL REIT",
    "industry": "Equity Real Estate Investment Trusts (REITs)",
    "dateListed": "2015-04-22",
    "marketCap": 113382682,
    "xid": "86360650",
    "priceChangeFiveDayPercent": -1.9108280254777086,
    "isRecentListing": false,
    "priceAsk": 0.77,
    "priceBid": 0.755,
    "priceChange": -0.015000000000000013,
    "priceChangePercent": -1.9108280254777086,
    "priceLast": 0.77,
    "sector": "Real Estate",
    "industryGroup": "Equity Real Estate Investment Trusts (REITs)",
    "securityType": 6,
    "volume": 76103,
    "statusCode": "",
    "isin": "AU000000TOT4",
    "priceClose": 0.785,
    "priceDayHigh": 0.785,
    "priceDayLow": 0.74,
    "priceFiftyTwoWeekHigh": 0.965,
    "priceFiftyTwoWeekLow": 0.74,
    "volumeAverage": 88223.141304,
    "dateExDate": "2022-12-29",
    "datePayDate": "2023-01-25",
    "dateRecordDate": "2022-12-30",
    "dividend": 0.015,
    "dividendType": "I",
    "frankingPercent": 100,
    "cashFlow": 0.064,
    "earningsPerShare": -0.03161,
    "freeCashFlowYield": -0.0000100000010000001,
    "priceEarningsRatio": -99999.99,
    "priceToCash": -99999.99,
    "foreignExempt": false,
    "shareDescription": "Fully Paid Units Stapled Securities",
    "numOfShares": 144436537,
    "yieldAnnual": 7.792207792207792,
    "incomeStatement": [
      {
        "revenue": 11451000,
        "netIncome": 33725000,
        "period": "2022A",
        "fPeriodEndDate": 44742,
        "curCode": "AUD"
      },
      {
        "revenue": 15892000,
        "netIncome": 9235000,
        "period": "2021A",
        "fPeriodEndDate": 44377,
        "curCode": "AUD"
      },
      {
        "revenue": 14982000,
        "netIncome": 10429000,
        "period": "2020A",
        "fPeriodEndDate": 44012,
        "curCode": "AUD"
      },
      {
        "revenue": 8695000,
        "netIncome": 7591000,
        "period": "2019A",
        "fPeriodEndDate": 43646,
        "curCode": "AUD"
      }
    ]
  },
  {
    "symbol": "ABP",
    "displayName": "ABACUS PROPERTY GROUP",
    "industry": "Equity Real Estate Investment Trusts (REITs)",
    "dateListed": "2002-11-14",
    "marketCap": 2305636693,
    "xid": "37039",
    "priceChangeFiveDayPercent": -5.243445692883883,
    "isRecentListing": false,
    "priceAsk": 2.5500000000000003,
    "priceBid": 2.5300000000000002,
    "priceChange": -0.04999999999999982,
    "priceChangePercent": -1.937984496124024,
    "priceLast": 2.5300000000000002,
    "sector": "Real Estate",
    "industryGroup": "Equity Real Estate Investment Trusts (REITs)",
    "securityType": 6,
    "volume": 1264845,
    "statusCode": "",
    "isin": "AU000000ABP9",
    "priceClose": 2.58,
    "priceDayHigh": 2.59,
    "priceDayLow": 2.525,
    "priceFiftyTwoWeekHigh": 3.42,
    "priceFiftyTwoWeekLow": 2.42,
    "volumeAverage": 1009082.097826,
    "dateExDate": "2022-12-29",
    "datePayDate": "2023-02-28",
    "dateRecordDate": "2022-12-30",
    "dividend": 0.09,
    "dividendType": "I",
    "frankingPercent": 0,
    "cashFlow": 21.166,
    "earningsPerShare": 0.32847,
    "freeCashFlowYield": 0.12827469255763063,
    "priceEarningsRatio": 7.8546,
    "priceToCash": 7.79577,
    "foreignExempt": false,
    "shareDescription": "Fully Paid Ordinary/units Stapled Securities",
    "numOfShares": 893657633,
    "yieldAnnual": 7.213438735177865,
    "incomeStatement": [
      {
        "revenue": 319622000,
        "netIncome": 517165000,
        "period": "2022A",
        "fPeriodEndDate": 44742,
        "curCode": "AUD"
      },
      {
        "revenue": 257588000,
        "netIncome": 369409000,
        "period": "2021A",
        "fPeriodEndDate": 44377,
        "curCode": "AUD"
      },
      {
        "revenue": 262262000,
        "netIncome": 84727000,
        "period": "2020A",
        "fPeriodEndDate": 44012,
        "curCode": "AUD"
      },
      {
        "revenue": 270413000,
        "netIncome": 202723000,
        "period": "2019A",
        "fPeriodEndDate": 43646,
        "curCode": "AUD"
      }
    ]
  },
  {
    "symbol": "APW",
    "displayName": "AIMS PROPERTY SECURITIES FUND",
    "industry": "Equity Real Estate Investment Trusts (REITs)",
    "dateListed": "2004-12-17",
    "marketCap": 55648854,
    "xid": "204573",
    "priceChangeFiveDayPercent": -4.0000000000000036,
    "isRecentListing": false,
    "priceAsk": 1.25,
    "priceBid": 1.2,
    "priceChange": -0.050000000000000044,
    "priceChangePercent": -4.0000000000000036,
    "priceLast": 1.2,
    "sector": "Real Estate",
    "industryGroup": "Equity Real Estate Investment Trusts (REITs)",
    "securityType": 6,
    "volume": 9000,
    "statusCode": "",
    "isin": "AU000000APW5",
    "priceClose": 1.25,
    "priceDayHigh": 1.21,
    "priceDayLow": 1.2,
    "priceFiftyTwoWeekHigh": 1.3,
    "priceFiftyTwoWeekLow": 1.02,
    "volumeAverage": 6125.193548,
    "dateExDate": "2020-03-30",
    "datePayDate": "2020-06-12",
    "dateRecordDate": "2020-03-31",
    "dividend": 0.0077,
    "dividendType": "I",
    "frankingPercent": 0,
    "cashFlow": 0.6,
    "earningsPerShare": 0.0327,
    "freeCashFlowYield": -0.0000100000010000001,
    "priceEarningsRatio": 38.2263,
    "priceToCash": -99999.99,
    "foreignExempt": false,
    "shareDescription": "Ordinary Units Fully Paid",
    "numOfShares": 44519083,
    "yieldAnnual": 0,
    "incomeStatement": [
      {
        "revenue": 5614000,
        "netIncome": 4044000,
        "period": "2022A",
        "fPeriodEndDate": 44742,
        "curCode": "AUD"
      },
      {
        "revenue": 14036000,
        "netIncome": 12770000,
        "period": "2021A",
        "fPeriodEndDate": 44377,
        "curCode": "AUD"
      },
      {
        "revenue": -2933000,
        "netIncome": -4267000,
        "period": "2020A",
        "fPeriodEndDate": 44012,
        "curCode": "AUD"
      },
      {
        "revenue": 11375000,
        "netIncome": 9924000,
        "period": "2019A",
        "fPeriodEndDate": 43646,
        "curCode": "AUD"
      }
    ]
  },
  {
    "symbol": "ARF",
    "displayName": "ARENA REIT.",
    "industry": "Equity Real Estate Investment Trusts (REITs)",
    "dateListed": "2013-06-13",
    "marketCap": 1258747297,
    "xid": "58695765",
    "priceChangeFiveDayPercent": -4.594594594594592,
    "isRecentListing": false,
    "priceAsk": 3.6,
    "priceBid": 3.47,
    "priceChange": -0.06999999999999984,
    "priceChangePercent": -1.94444444444444,
    "priceLast": 3.5300000000000002,
    "sector": "Real Estate",
    "industryGroup": "Equity Real Estate Investment Trusts (REITs)",
    "securityType": 6,
    "volume": 489264,
    "statusCode": "CD",
    "isin": "AU000000ARF6",
    "priceClose": 3.6,
    "priceDayHigh": 3.565,
    "priceDayLow": 3.47,
    "priceFiftyTwoWeekHigh": 5.18,
    "priceFiftyTwoWeekLow": 3.18,
    "volumeAverage": 948344.141304,
    "dateExDate": "2023-03-30",
    "datePayDate": "2023-05-04",
    "dateRecordDate": "2023-03-31",
    "dividend": 0.042,
    "dividendType": "I",
    "frankingPercent": 0,
    "cashFlow": 14.46,
    "earningsPerShare": 0.56269,
    "freeCashFlowYield": -0.0000100000010000001,
    "priceEarningsRatio": 6.39784,
    "priceToCash": -99999.99,
    "foreignExempt": false,
    "shareDescription": "Fully Paid Ordinary/units Stapled Securities",
    "numOfShares": 349652027,
    "yieldAnnual": 4.716713881019831,
    "incomeStatement": [
      {
        "revenue": 81415000,
        "netIncome": 334288000,
        "period": "2022A",
        "fPeriodEndDate": 44742,
        "curCode": "AUD"
      },
      {
        "revenue": 68870000,
        "netIncome": 165351000,
        "period": "2021A",
        "fPeriodEndDate": 44377,
        "curCode": "AUD"
      },
      {
        "revenue": 60328000,
        "netIncome": 76641000,
        "period": "2020A",
        "fPeriodEndDate": 44012,
        "curCode": "AUD"
      },
      {
        "revenue": 55607000,
        "netIncome": 59323000,
        "period": "2019A",
        "fPeriodEndDate": 43646,
        "curCode": "AUD"
      }
    ]
  },
  {
    "symbol": "APZ",
    "displayName": "ASPEN GROUP",
    "industry": "Equity Real Estate Investment Trusts (REITs)",
    "dateListed": "1991-04-11",
    "marketCap": 325649636,
    "xid": "47249",
    "priceChangeFiveDayPercent": -3.394255874673626,
    "isRecentListing": false,
    "priceAsk": 1.86,
    "priceBid": 1.71,
    "priceChange": 0.03500000000000014,
    "priceChangePercent": 1.9283746556473909,
    "priceLast": 1.85,
    "sector": "Real Estate",
    "industryGroup": "Equity Real Estate Investment Trusts (REITs)",
    "securityType": 6,
    "volume": 4217,
    "statusCode": "",
    "isin": "AU000000APZ8",
    "priceClose": 1.815,
    "priceDayHigh": 1.86,
    "priceDayLow": 1.815,
    "priceFiftyTwoWeekHigh": 1.98,
    "priceFiftyTwoWeekLow": 1.45,
    "volumeAverage": 50586.455556,
    "dateExDate": "2022-12-29",
    "datePayDate": "2023-02-24",
    "dateRecordDate": "2022-12-30",
    "dividend": 0.035,
    "dividendType": "I",
    "frankingPercent": 0,
    "cashFlow": 8.44,
    "earningsPerShare": 0.4733,
    "freeCashFlowYield": 0.22434854790402373,
    "priceEarningsRatio": 3.83478,
    "priceToCash": 4.45735,
    "foreignExempt": false,
    "shareDescription": "Fully Paid Ordinary/units Stapled Securities",
    "numOfShares": 179421287,
    "yieldAnnual": 3.783783783783784,
    "incomeStatement": [
      {
        "revenue": 46677000,
        "netIncome": 75381000,
        "period": "2022A",
        "fPeriodEndDate": 44742,
        "curCode": "AUD"
      },
      {
        "revenue": 35522000,
        "netIncome": 25391000,
        "period": "2021A",
        "fPeriodEndDate": 44377,
        "curCode": "AUD"
      },
      {
        "revenue": 30770000,
        "netIncome": 11871000,
        "period": "2020A",
        "fPeriodEndDate": 44012,
        "curCode": "AUD"
      },
      {
        "revenue": 29228000,
        "netIncome": -848000,
        "period": "2019A",
        "fPeriodEndDate": 43646,
        "curCode": "AUD"
      }
    ]
  },
  {
    "symbol": "AKL",
    "displayName": "AUCKLAND REAL ESTATE TRUST",
    "industry": "Equity Real Estate Investment Trusts (REITs)",
    "dateListed": "2005-09-23",
    "marketCap": 82350704,
    "xid": "3160801",
    "priceChangeFiveDayPercent": 0,
    "isRecentListing": false,
    "priceChange": 0,
    "priceChangePercent": 0,
    "priceLast": 1.025,
    "sector": "Real Estate",
    "industryGroup": "Equity Real Estate Investment Trusts (REITs)",
    "securityType": 6,
    "volume": 0,
    "statusCode": "",
    "isin": "AU0000124463",
    "priceClose": 1.025,
    "priceFiftyTwoWeekHigh": 1.025,
    "priceFiftyTwoWeekLow": 0.66,
    "volumeAverage": 110.083333,
    "dateExDate": "2010-06-24",
    "datePayDate": "2010-07-14",
    "dateRecordDate": "2010-06-30",
    "dividend": 0,
    "dividendType": "Q",
    "frankingPercent": 0,
    "cashFlow": -1.783,
    "earningsPerShare": -0.3782,
    "freeCashFlowYield": -0.0000100000010000001,
    "priceEarningsRatio": -99999.99,
    "priceToCash": -99999.99,
    "foreignExempt": false,
    "shareDescription": "Units Fully Paid",
    "numOfShares": 80342150,
    "yieldAnnual": 0,
    "incomeStatement": [
      {
        "revenue": 14929000,
        "netIncome": -28404000,
        "period": "2022A",
        "fPeriodEndDate": 44742,
        "curCode": "AUD"
      },
      {
        "revenue": 11394000,
        "netIncome": 54155000,
        "period": "2021A",
        "fPeriodEndDate": 44377,
        "curCode": "AUD"
      },
      {
        "revenue": 11137000,
        "netIncome": 9526000,
        "period": "2020A",
        "fPeriodEndDate": 44012,
        "curCode": "AUD"
      },
      {
        "revenue": 8105000,
        "netIncome": 2560000,
        "period": "2019A",
        "fPeriodEndDate": 43646,
        "curCode": "AUD"
      }
    ]
  },
  {
    "symbol": "AOF",
    "displayName": "AUSTRALIAN UNITY OFFICE FUND",
    "industry": "Equity Real Estate Investment Trusts (REITs)",
    "dateListed": "2016-06-20",
    "marketCap": 263013499,
    "xid": "352106310",
    "priceChangeFiveDayPercent": 1.269841269841271,
    "isRecentListing": false,
    "priceAsk": 1.6,
    "priceBid": 1.59,
    "priceChange": -0.0050000000000001155,
    "priceChangePercent": -0.3125000000000072,
    "priceLast": 1.595,
    "sector": "Real Estate",
    "industryGroup": "Equity Real Estate Investment Trusts (REITs)",
    "securityType": 6,
    "volume": 158680,
    "statusCode": "",
    "isin": "AU000000AOF3",
    "priceClose": 1.6,
    "priceDayHigh": 1.61,
    "priceDayLow": 1.57,
    "priceFiftyTwoWeekHigh": 2.56,
    "priceFiftyTwoWeekLow": 1.215,
    "volumeAverage": 58136.597826,
    "dateExDate": "2022-12-29",
    "datePayDate": "2023-01-27",
    "dateRecordDate": "2022-12-30",
    "dividend": 0.025,
    "dividendType": "I",
    "frankingPercent": 0,
    "cashFlow": 5.292,
    "earningsPerShare": -0.32952,
    "freeCashFlowYield": -0.0000100000010000001,
    "priceEarningsRatio": -99999.99,
    "priceToCash": -99999.99,
    "foreignExempt": false,
    "shareDescription": "Ordinary Units Fully Paid",
    "numOfShares": 164383437,
    "yieldAnnual": 7.899686520376176,
    "incomeStatement": [
      {
        "revenue": 46648000,
        "netIncome": -48355000,
        "period": "2022A",
        "fPeriodEndDate": 44742,
        "curCode": "AUD"
      },
      {
        "revenue": 50878000,
        "netIncome": 23257000,
        "period": "2021A",
        "fPeriodEndDate": 44377,
        "curCode": "AUD"
      },
      {
        "revenue": 57563000,
        "netIncome": 13245000,
        "period": "2020A",
        "fPeriodEndDate": 44012,
        "curCode": "AUD"
      },
      {
        "revenue": 58924000,
        "netIncome": 44828000,
        "period": "2019A",
        "fPeriodEndDate": 43646,
        "curCode": "AUD"
      }
    ]
  },
  {
    "symbol": "BWP",
    "displayName": "BWP TRUST",
    "industry": "Equity Real Estate Investment Trusts (REITs)",
    "dateListed": "1998-09-16",
    "marketCap": 2428210775,
    "xid": "68005",
    "priceChangeFiveDayPercent": -1.0582010582010475,
    "isRecentListing": false,
    "priceAsk": 3.7600000000000002,
    "priceBid": 3.72,
    "priceChange": -0.040000000000000036,
    "priceChangePercent": -1.058201058201059,
    "priceLast": 3.74,
    "sector": "Real Estate",
    "industryGroup": "Equity Real Estate Investment Trusts (REITs)",
    "securityType": 6,
    "volume": 939210,
    "statusCode": "",
    "isin": "AU000000BWP3",
    "priceClose": 3.7800000000000002,
    "priceDayHigh": 3.7800000000000002,
    "priceDayLow": 3.72,
    "priceFiftyTwoWeekHigh": 4.35,
    "priceFiftyTwoWeekLow": 3.51,
    "volumeAverage": 816325.565217,
    "dateExDate": "2022-12-29",
    "datePayDate": "2023-02-24",
    "dateRecordDate": "2022-12-30",
    "dividend": 0.0902,
    "dividendType": "I",
    "frankingPercent": 0,
    "cashFlow": 1.118,
    "earningsPerShare": 0.38865,
    "freeCashFlowYield": -0.0000100000010000001,
    "priceEarningsRatio": 9.72597,
    "priceToCash": -99999.99,
    "foreignExempt": false,
    "shareDescription": "Ordinary Units Fully Paid",
    "numOfShares": 642383803,
    "yieldAnnual": 4.890374331550802,
    "incomeStatement": [
      {
        "revenue": 153610000,
        "netIncome": 486637000,
        "period": "2022A",
        "fPeriodEndDate": 44742,
        "curCode": "AUD"
      },
      {
        "revenue": 152716000,
        "netIncome": 263169000,
        "period": "2021A",
        "fPeriodEndDate": 44377,
        "curCode": "AUD"
      },
      {
        "revenue": 156217000,
        "netIncome": 210642000,
        "period": "2020A",
        "fPeriodEndDate": 44012,
        "curCode": "AUD"
      },
      {
        "revenue": 156263000,
        "netIncome": 169377000,
        "period": "2019A",
        "fPeriodEndDate": 43646,
        "curCode": "AUD"
      }
    ]
  },
  {
    "symbol": "CDP",
    "displayName": "CARINDALE PROPERTY TRUST",
    "industry": "Equity Real Estate Investment Trusts (REITs)",
    "dateListed": "1996-11-28",
    "marketCap": 340739145,
    "xid": "72263",
    "priceChangeFiveDayPercent": -0.8810572687224677,
    "isRecentListing": false,
    "priceAsk": 4.58,
    "priceBid": 4.46,
    "priceChange": 0,
    "priceChangePercent": 0,
    "priceLast": 4.5,
    "sector": "Real Estate",
    "industryGroup": "Equity Real Estate Investment Trusts (REITs)",
    "securityType": 6,
    "volume": 13249,
    "statusCode": "",
    "isin": "AU000000CDP1",
    "priceClose": 4.5,
    "priceDayHigh": 4.58,
    "priceDayLow": 4.45,
    "priceFiftyTwoWeekHigh": 4.85,
    "priceFiftyTwoWeekLow": 4.11,
    "volumeAverage": 15234.933333,
    "dateExDate": "2022-12-29",
    "datePayDate": "2023-02-28",
    "dateRecordDate": "2022-12-30",
    "dividend": 0.1313,
    "dividendType": "I",
    "frankingPercent": 0.93,
    "cashFlow": 21.165,
    "earningsPerShare": 0.80881,
    "freeCashFlowYield": -0.0000100000010000001,
    "priceEarningsRatio": 5.56373,
    "priceToCash": -99999.99,
    "foreignExempt": false,
    "shareDescription": "Units Fully Paid",
    "numOfShares": 75719810,
    "yieldAnnual": 5.693333333333333,
    "incomeStatement": [
      {
        "revenue": 52719000,
        "netIncome": 66518000,
        "period": "2022A",
        "fPeriodEndDate": 44742,
        "curCode": "AUD"
      },
      {
        "revenue": 50107000,
        "netIncome": 39416000,
        "period": "2021A",
        "fPeriodEndDate": 44377,
        "curCode": "AUD"
      },
      {
        "revenue": 51657000,
        "netIncome": -107706000,
        "period": "2020A",
        "fPeriodEndDate": 44012,
        "curCode": "AUD"
      },
      {
        "revenue": 53424000,
        "netIncome": 19047000,
        "period": "2019A",
        "fPeriodEndDate": 43646,
        "curCode": "AUD"
      }
    ]
  },
  {
    "symbol": "CNI",
    "displayName": "CENTURIA CAPITAL GROUP",
    "industry": "Equity Real Estate Investment Trusts (REITs)",
    "dateListed": "2002-03-26",
    "marketCap": 1283673854,
    "xid": "220960",
    "priceChangeFiveDayPercent": -2.469135802469138,
    "isRecentListing": false,
    "priceAsk": 1.6500000000000001,
    "priceBid": 1.56,
    "priceChange": -0.02499999999999991,
    "priceChangePercent": -1.5576323987538885,
    "priceLast": 1.58,
    "sector": "Real Estate",
    "industryGroup": "Equity Real Estate Investment Trusts (REITs)",
    "securityType": 6,
    "volume": 1171402,
    "statusCode": "",
    "isin": "AU000000CNI5",
    "priceClose": 1.605,
    "priceDayHigh": 1.6,
    "priceDayLow": 1.56,
    "priceFiftyTwoWeekHigh": 2.93,
    "priceFiftyTwoWeekLow": 1.485,
    "volumeAverage": 1219676.717391,
    "dateExDate": "2022-12-29",
    "datePayDate": "2023-02-09",
    "dateRecordDate": "2022-12-30",
    "dividend": 0.058,
    "dividendType": "I",
    "frankingPercent": 20.69,
    "cashFlow": 37.523,
    "earningsPerShare": -0.09409,
    "freeCashFlowYield": -0.0000100000010000001,
    "priceEarningsRatio": -99999.99,
    "priceToCash": -99999.99,
    "foreignExempt": false,
    "shareDescription": "Fully Paid Ordinary/units Stapled Securities",
    "numOfShares": 799796794,
    "yieldAnnual": 7.151898734177215,
    "incomeStatement": [
      {
        "revenue": 299716000,
        "netIncome": -37852000,
        "period": "2022A",
        "fPeriodEndDate": 44742,
        "curCode": "AUD"
      },
      {
        "revenue": 228932000,
        "netIncome": 143456000,
        "period": "2021A",
        "fPeriodEndDate": 44377,
        "curCode": "AUD"
      },
      {
        "revenue": 162373000,
        "netIncome": 21105000,
        "period": "2020A",
        "fPeriodEndDate": 44012,
        "curCode": "AUD"
      },
      {
        "revenue": 115977000,
        "netIncome": 50795000,
        "period": "2019A",
        "fPeriodEndDate": 43646,
        "curCode": "AUD"
      }
    ]
  },
  {
    "symbol": "CIP",
    "displayName": "CENTURIA INDUSTRIAL REIT",
    "industry": "Equity Real Estate Investment Trusts (REITs)",
    "dateListed": "2012-12-13",
    "marketCap": 1955586356,
    "xid": "59713041",
    "priceChangeFiveDayPercent": -4.126984126984124,
    "isRecentListing": false,
    "priceAsk": 3.0300000000000002,
    "priceBid": 3.0100000000000002,
    "priceChange": -0.06000000000000005,
    "priceChangePercent": -1.9480519480519498,
    "priceLast": 3.02,
    "sector": "Real Estate",
    "industryGroup": "Equity Real Estate Investment Trusts (REITs)",
    "securityType": 6,
    "volume": 1410042,
    "statusCode": "CD",
    "isin": "AU000000CIP0",
    "priceClose": 3.08,
    "priceDayHigh": 3.08,
    "priceDayLow": 3.0100000000000002,
    "priceFiftyTwoWeekHigh": 4.005,
    "priceFiftyTwoWeekLow": 2.53,
    "volumeAverage": 1508765.054348,
    "dateExDate": "2023-03-30",
    "datePayDate": "2023-04-28",
    "dateRecordDate": "2023-03-31",
    "dividend": 0.04,
    "dividendType": "I",
    "frankingPercent": 0,
    "cashFlow": 19.515,
    "earningsPerShare": 0.61351,
    "freeCashFlowYield": -0.0000100000010000001,
    "priceEarningsRatio": 5.02029,
    "priceToCash": -99999.99,
    "foreignExempt": false,
    "shareDescription": "Ordinary Units Fully Paid",
    "numOfShares": 634930635,
    "yieldAnnual": 5.403973509933774,
    "incomeStatement": [
      {
        "revenue": 203551000,
        "netIncome": 367480000,
        "period": "2022A",
        "fPeriodEndDate": 44742,
        "curCode": "AUD"
      },
      {
        "revenue": 160362000,
        "netIncome": 611239000,
        "period": "2021A",
        "fPeriodEndDate": 44377,
        "curCode": "AUD"
      },
      {
        "revenue": 118233000,
        "netIncome": 75337000,
        "period": "2020A",
        "fPeriodEndDate": 44012,
        "curCode": "AUD"
      },
      {
        "revenue": 94058000,
        "netIncome": 88828000,
        "period": "2019A",
        "fPeriodEndDate": 43646,
        "curCode": "AUD"
      }
    ]
  },
  {
    "symbol": "COF",
    "displayName": "CENTURIA OFFICE REIT",
    "industry": "Equity Real Estate Investment Trusts (REITs)",
    "dateListed": "2014-12-10",
    "marketCap": 904965450,
    "xid": "80536687",
    "priceChangeFiveDayPercent": -0.33670033670034444,
    "isRecentListing": false,
    "priceAsk": 1.5150000000000001,
    "priceBid": 1.475,
    "priceChange": -0.03500000000000014,
    "priceChangePercent": -2.3102310231023195,
    "priceLast": 1.48,
    "sector": "Real Estate",
    "industryGroup": "Equity Real Estate Investment Trusts (REITs)",
    "securityType": 6,
    "volume": 1196824,
    "statusCode": "CD",
    "isin": "AU0000077893",
    "priceClose": 1.5150000000000001,
    "priceDayHigh": 1.51,
    "priceDayLow": 1.47,
    "priceFiftyTwoWeekHigh": 2.32,
    "priceFiftyTwoWeekLow": 1.395,
    "volumeAverage": 593483.130435,
    "dateExDate": "2023-03-30",
    "datePayDate": "2023-04-28",
    "dateRecordDate": "2023-03-31",
    "dividend": 0.0352,
    "dividendType": "I",
    "frankingPercent": 0,
    "cashFlow": -13.858,
    "earningsPerShare": 0.06274,
    "freeCashFlowYield": -0.0000100000010000001,
    "priceEarningsRatio": 24.14727,
    "priceToCash": -99999.99,
    "foreignExempt": false,
    "shareDescription": "Ordinary Units Fully Paid",
    "numOfShares": 597336931,
    "yieldAnnual": 9.945945945945946,
    "incomeStatement": [
      {
        "revenue": 167019000,
        "netIncome": 115019000,
        "period": "2022A",
        "fPeriodEndDate": 44742,
        "curCode": "AUD"
      },
      {
        "revenue": 161812000,
        "netIncome": 76936000,
        "period": "2021A",
        "fPeriodEndDate": 44377,
        "curCode": "AUD"
      },
      {
        "revenue": 146420000,
        "netIncome": 23053000,
        "period": "2020A",
        "fPeriodEndDate": 44012,
        "curCode": "AUD"
      },
      {
        "revenue": 109193000,
        "netIncome": 53572000,
        "period": "2019A",
        "fPeriodEndDate": 43646,
        "curCode": "AUD"
      }
    ]
  },
  {
    "symbol": "CHC",
    "displayName": "CHARTER HALL GROUP",
    "industry": "Equity Real Estate Investment Trusts (REITs)",
    "dateListed": "2005-06-10",
    "marketCap": 5567177032,
    "xid": "27871625",
    "priceChangeFiveDayPercent": -7.9638752052545065,
    "isRecentListing": false,
    "priceAsk": 11.38,
    "priceBid": 11.17,
    "priceChange": -0.5599999999999987,
    "priceChangePercent": -4.757858963466429,
    "priceLast": 11.21,
    "sector": "Real Estate",
    "industryGroup": "Equity Real Estate Investment Trusts (REITs)",
    "securityType": 6,
    "volume": 2466064,
    "statusCode": "",
    "isin": "AU000000CHC0",
    "priceClose": 11.77,
    "priceDayHigh": 11.57,
    "priceDayLow": 11.120000000000001,
    "priceFiftyTwoWeekHigh": 16.94,
    "priceFiftyTwoWeekLow": 10.5,
    "volumeAverage": 1533809.48913,
    "dateExDate": "2022-12-29",
    "datePayDate": "2023-02-28",
    "dateRecordDate": "2022-12-30",
    "dividend": 0.2084,
    "dividendType": "I",
    "frankingPercent": 45.01,
    "cashFlow": 282.7,
    "earningsPerShare": 1.28603,
    "freeCashFlowYield": 0.11355842126540422,
    "priceEarningsRatio": 9.1522,
    "priceToCash": 8.80604,
    "foreignExempt": false,
    "shareDescription": "Stapled Securities Us Prohibited",
    "numOfShares": 472997199,
    "yieldAnnual": 3.685102586975914,
    "incomeStatement": [
      {
        "revenue": 1098300000,
        "netIncome": 911100000,
        "period": "2022A",
        "fPeriodEndDate": 44742,
        "curCode": "AUD"
      },
      {
        "revenue": 668000000,
        "netIncome": 476800000,
        "period": "2021A",
        "fPeriodEndDate": 44377,
        "curCode": "AUD"
      },
      {
        "revenue": 553800000,
        "netIncome": 345900000,
        "period": "2020A",
        "fPeriodEndDate": 44012,
        "curCode": "AUD"
      },
      {
        "revenue": 378500000,
        "netIncome": 235300000,
        "period": "2019A",
        "fPeriodEndDate": 43646,
        "curCode": "AUD"
      }
    ]
  },
  {
    "symbol": "CLW",
    "displayName": "CHARTER HALL LONG WALE REIT",
    "industry": "Equity Real Estate Investment Trusts (REITs)",
    "dateListed": "2016-11-08",
    "marketCap": 3152085832,
    "xid": "367457985",
    "priceChangeFiveDayPercent": -2.739726027397263,
    "isRecentListing": false,
    "priceAsk": 4.37,
    "priceBid": 4.24,
    "priceChange": -0.10000000000000053,
    "priceChangePercent": -2.293577981651388,
    "priceLast": 4.26,
    "sector": "Real Estate",
    "industryGroup": "Equity Real Estate Investment Trusts (REITs)",
    "securityType": 6,
    "volume": 1796137,
    "statusCode": "",
    "isin": "AU000000CLW0",
    "priceClose": 4.36,
    "priceDayHigh": 4.33,
    "priceDayLow": 4.24,
    "priceFiftyTwoWeekHigh": 5.44,
    "priceFiftyTwoWeekLow": 3.84,
    "volumeAverage": 1554968.641304,
    "dateExDate": "2022-12-29",
    "datePayDate": "2023-02-14",
    "dateRecordDate": "2022-12-30",
    "dividend": 0.07,
    "dividendType": "I",
    "frankingPercent": 0,
    "cashFlow": -3.106,
    "earningsPerShare": 0.65334,
    "freeCashFlowYield": -0.0000100000010000001,
    "priceEarningsRatio": 6.6734,
    "priceToCash": -99999.99,
    "foreignExempt": false,
    "shareDescription": "Fully Paid Units Stapled Securities",
    "numOfShares": 722955466,
    "yieldAnnual": 6.807511737089202,
    "incomeStatement": [
      {
        "revenue": 219697000,
        "netIncome": 911899000,
        "period": "2022A",
        "fPeriodEndDate": 44742,
        "curCode": "AUD"
      },
      {
        "revenue": 154602000,
        "netIncome": 618314000,
        "period": "2021A",
        "fPeriodEndDate": 44377,
        "curCode": "AUD"
      },
      {
        "revenue": 126678000,
        "netIncome": 122415000,
        "period": "2020A",
        "fPeriodEndDate": 44012,
        "curCode": "AUD"
      },
      {
        "revenue": 85633000,
        "netIncome": 69559000,
        "period": "2019A",
        "fPeriodEndDate": 43646,
        "curCode": "AUD"
      }
    ]
  },
  {
    "symbol": "CQR",
    "displayName": "CHARTER HALL RETAIL REIT",
    "industry": "Equity Real Estate Investment Trusts (REITs)",
    "dateListed": "1995-11-15",
    "marketCap": 2197047922,
    "xid": "198103",
    "priceChangeFiveDayPercent": -2.0887728459530046,
    "isRecentListing": false,
    "priceAsk": 3.9,
    "priceBid": 3.72,
    "priceChange": -0.03000000000000025,
    "priceChangePercent": -0.7936507936508002,
    "priceLast": 3.75,
    "sector": "Real Estate",
    "industryGroup": "Equity Real Estate Investment Trusts (REITs)",
    "securityType": 6,
    "volume": 1545225,
    "statusCode": "",
    "isin": "AU000000CQR9",
    "priceClose": 3.7800000000000002,
    "priceDayHigh": 3.8200000000000003,
    "priceDayLow": 3.74,
    "priceFiftyTwoWeekHigh": 4.51,
    "priceFiftyTwoWeekLow": 3.54,
    "volumeAverage": 1201971.923913,
    "dateExDate": "2022-12-29",
    "datePayDate": "2023-02-28",
    "dateRecordDate": "2022-12-30",
    "dividend": 0.13,
    "dividendType": "I",
    "frankingPercent": 0,
    "cashFlow": 32.8,
    "earningsPerShare": 0.723,
    "freeCashFlowYield": -0.0000100000010000001,
    "priceEarningsRatio": 5.22822,
    "priceToCash": -99999.99,
    "foreignExempt": false,
    "shareDescription": "Units Fully Paid",
    "numOfShares": 581229609,
    "yieldAnnual": 6.88,
    "incomeStatement": [
      {
        "revenue": 200800000,
        "netIncome": 663600000,
        "period": "2022A",
        "fPeriodEndDate": 44742,
        "curCode": "AUD"
      },
      {
        "revenue": 191600000,
        "netIncome": 291200000,
        "period": "2021A",
        "fPeriodEndDate": 44377,
        "curCode": "AUD"
      },
      {
        "revenue": 206100000,
        "netIncome": 44200000,
        "period": "2020A",
        "fPeriodEndDate": 44012,
        "curCode": "AUD"
      },
      {
        "revenue": 202000000,
        "netIncome": 53100000,
        "period": "2019A",
        "fPeriodEndDate": 43646,
        "curCode": "AUD"
      }
    ]
  },
  {
    "symbol": "CQE",
    "displayName": "CHARTER HALL SOCIAL INFRASTRUCTURE REIT",
    "industry": "Equity Real Estate Investment Trusts (REITs)",
    "dateListed": "2003-05-22",
    "marketCap": 1121766280,
    "xid": "39731",
    "priceChangeFiveDayPercent": -2.280130293159604,
    "isRecentListing": false,
    "priceAsk": 3.13,
    "priceBid": 2.99,
    "priceChange": -0.050000000000000266,
    "priceChangePercent": -1.6393442622950907,
    "priceLast": 3,
    "sector": "Real Estate",
    "industryGroup": "Equity Real Estate Investment Trusts (REITs)",
    "securityType": 6,
    "volume": 375639,
    "statusCode": "",
    "isin": "AU0000030645",
    "priceClose": 3.0500000000000003,
    "priceDayHigh": 3.0700000000000003,
    "priceDayLow": 2.99,
    "priceFiftyTwoWeekHigh": 4.2,
    "priceFiftyTwoWeekLow": 2.92,
    "volumeAverage": 545783.032609,
    "dateExDate": "2022-12-29",
    "datePayDate": "2023-01-20",
    "dateRecordDate": "2022-12-30",
    "dividend": 0.043,
    "dividendType": "I",
    "frankingPercent": 0,
    "cashFlow": 10.3,
    "earningsPerShare": 0.52393,
    "freeCashFlowYield": -0.0000100000010000001,
    "priceEarningsRatio": 5.82139,
    "priceToCash": -99999.99,
    "foreignExempt": false,
    "shareDescription": "Units Fully Paid",
    "numOfShares": 367792223,
    "yieldAnnual": 5.8,
    "incomeStatement": [
      {
        "revenue": 104000000,
        "netIncome": 358500000,
        "period": "2022A",
        "fPeriodEndDate": 44742,
        "curCode": "AUD"
      },
      {
        "revenue": 90600000,
        "netIncome": 174100000,
        "period": "2021A",
        "fPeriodEndDate": 44377,
        "curCode": "AUD"
      },
      {
        "revenue": 86200000,
        "netIncome": 85900000,
        "period": "2020A",
        "fPeriodEndDate": 44012,
        "curCode": "AUD"
      },
      {
        "revenue": 78700000,
        "netIncome": 68700000,
        "period": "2019A",
        "fPeriodEndDate": 43646,
        "curCode": "AUD"
      }
    ]
  },
  {
    "symbol": "CMW",
    "displayName": "CROMWELL PROPERTY GROUP",
    "industry": "Equity Real Estate Investment Trusts (REITs)",
    "dateListed": "1973-02-22",
    "marketCap": 1571320019,
    "xid": "78042",
    "priceChangeFiveDayPercent": -10.687022900763369,
    "isRecentListing": false,
    "priceAsk": 0.59,
    "priceBid": 0.58,
    "priceChange": -0.015000000000000013,
    "priceChangePercent": -2.500000000000002,
    "priceLast": 0.585,
    "sector": "Real Estate",
    "industryGroup": "Equity Real Estate Investment Trusts (REITs)",
    "securityType": 6,
    "volume": 6585375,
    "statusCode": "",
    "isin": "AU000000CMW8",
    "priceClose": 0.6,
    "priceDayHigh": 0.6,
    "priceDayLow": 0.5750000000000001,
    "priceFiftyTwoWeekHigh": 0.88,
    "priceFiftyTwoWeekLow": 0.575,
    "volumeAverage": 2647977.336957,
    "dateExDate": "2022-12-29",
    "datePayDate": "2023-02-17",
    "dateRecordDate": "2022-12-30",
    "dividend": 0.0138,
    "dividendType": "I",
    "frankingPercent": 0,
    "cashFlow": -12,
    "earningsPerShare": 0.00029,
    "freeCashFlowYield": 0.005091260850749689,
    "priceEarningsRatio": 2068.966,
    "priceToCash": 196.415,
    "foreignExempt": false,
    "shareDescription": "Fully Paid Ordinary/units Stapled Securities",
    "numOfShares": 2618866699,
    "yieldAnnual": 10.256410256410255,
    "incomeStatement": [
      {
        "revenue": 377600000,
        "netIncome": 263200000,
        "period": "2022A",
        "fPeriodEndDate": 44742,
        "curCode": "AUD"
      },
      {
        "revenue": 375500000,
        "netIncome": 308200000,
        "period": "2021A",
        "fPeriodEndDate": 44377,
        "curCode": "AUD"
      },
      {
        "revenue": 416000000,
        "netIncome": 181100000,
        "period": "2020A",
        "fPeriodEndDate": 44012,
        "curCode": "AUD"
      },
      {
        "revenue": 314600000,
        "netIncome": 159900000,
        "period": "2019A",
        "fPeriodEndDate": 43646,
        "curCode": "AUD"
      }
    ]
  },
  {
    "symbol": "DXS",
    "displayName": "DEXUS",
    "industry": "Equity Real Estate Investment Trusts (REITs)",
    "dateListed": "2004-10-06",
    "marketCap": 8432431529,
    "xid": "92660",
    "priceChangeFiveDayPercent": -3.95061728395061,
    "isRecentListing": false,
    "priceAsk": 7.96,
    "priceBid": 7.72,
    "priceChange": -0.05999999999999961,
    "priceChangePercent": -0.7653061224489747,
    "priceLast": 7.78,
    "sector": "Real Estate",
    "industryGroup": "Equity Real Estate Investment Trusts (REITs)",
    "securityType": 6,
    "volume": 3521250,
    "statusCode": "",
    "isin": "AU000000DXS1",
    "priceClose": 7.84,
    "priceDayHigh": 7.88,
    "priceDayLow": 7.7,
    "priceFiftyTwoWeekHigh": 11.3,
    "priceFiftyTwoWeekLow": 7.375,
    "volumeAverage": 4840987.597826,
    "dateExDate": "2022-12-29",
    "datePayDate": "2023-02-28",
    "dateRecordDate": "2022-12-30",
    "dividend": 0.28,
    "dividendType": "I",
    "frankingPercent": 0,
    "cashFlow": -67.4,
    "earningsPerShare": 0.75944,
    "freeCashFlowYield": -0.0000100000010000001,
    "priceEarningsRatio": 10.3234,
    "priceToCash": -99999.99,
    "foreignExempt": false,
    "shareDescription": "Fully Paid Units Stapled Securities",
    "numOfShares": 1075565246,
    "yieldAnnual": 6.838046272493573,
    "incomeStatement": [
      {
        "revenue": 874300000,
        "netIncome": 1615900000,
        "period": "2022A",
        "fPeriodEndDate": 44742,
        "curCode": "AUD"
      },
      {
        "revenue": 1015900000,
        "netIncome": 1138400000,
        "period": "2021A",
        "fPeriodEndDate": 44377,
        "curCode": "AUD"
      },
      {
        "revenue": 991900000,
        "netIncome": 972700000,
        "period": "2020A",
        "fPeriodEndDate": 44012,
        "curCode": "AUD"
      },
      {
        "revenue": 795100000,
        "netIncome": 1281000000,
        "period": "2019A",
        "fPeriodEndDate": 43646,
        "curCode": "AUD"
      }
    ]
  },
  {
    "symbol": "DXC",
    "displayName": "DEXUS CONVENIENCE RETAIL REIT",
    "industry": "Equity Real Estate Investment Trusts (REITs)",
    "dateListed": "2017-07-27",
    "marketCap": 373320286,
    "xid": "418813887",
    "priceChangeFiveDayPercent": 0,
    "isRecentListing": false,
    "priceAsk": 2.75,
    "priceBid": 2.7,
    "priceChange": 0.010000000000000231,
    "priceChangePercent": 0.3690036900369089,
    "priceLast": 2.72,
    "sector": "Real Estate",
    "industryGroup": "Equity Real Estate Investment Trusts (REITs)",
    "securityType": 6,
    "volume": 92585,
    "statusCode": "CD",
    "isin": "AU0000179061",
    "priceClose": 2.71,
    "priceDayHigh": 2.765,
    "priceDayLow": 2.7,
    "priceFiftyTwoWeekHigh": 3.59,
    "priceFiftyTwoWeekLow": 2.59,
    "volumeAverage": 234661.184783,
    "dateExDate": "2023-03-30",
    "datePayDate": "2023-05-19",
    "dateRecordDate": "2023-03-31",
    "dividend": 0.0545,
    "dividendType": "I",
    "frankingPercent": 0,
    "cashFlow": -9.383,
    "earningsPerShare": 0.33027,
    "freeCashFlowYield": -0.0000100000010000001,
    "priceEarningsRatio": 8.20541,
    "priceToCash": -99999.99,
    "foreignExempt": false,
    "shareDescription": "Fully Paid Units Stapled Securities",
    "numOfShares": 137756563,
    "yieldAnnual": 8.044117647058824,
    "incomeStatement": [
      {
        "revenue": 55424000,
        "netIncome": 82639000,
        "period": "2022A",
        "fPeriodEndDate": 44742,
        "curCode": "AUD"
      },
      {
        "revenue": 41190000,
        "netIncome": 73818000,
        "period": "2021A",
        "fPeriodEndDate": 44377,
        "curCode": "AUD"
      },
      {
        "revenue": 33350000,
        "netIncome": 45799000,
        "period": "2020A",
        "fPeriodEndDate": 44012,
        "curCode": "AUD"
      },
      {
        "revenue": 31669000,
        "netIncome": 24001000,
        "period": "2019A",
        "fPeriodEndDate": 43646,
        "curCode": "AUD"
      }
    ]
  },
  {
    "symbol": "DXI",
    "displayName": "DEXUS INDUSTRIA REIT.",
    "industry": "Equity Real Estate Investment Trusts (REITs)",
    "dateListed": "2013-12-03",
    "marketCap": 901046550,
    "xid": "69855769",
    "priceChangeFiveDayPercent": -4.5296167247386725,
    "isRecentListing": false,
    "priceAsk": 2.75,
    "priceBid": 2.73,
    "priceChange": -0.09999999999999964,
    "priceChangePercent": -3.521126760563368,
    "priceLast": 2.74,
    "sector": "Real Estate",
    "industryGroup": "Equity Real Estate Investment Trusts (REITs)",
    "securityType": 6,
    "volume": 206324,
    "statusCode": "CD",
    "isin": "AU0000192833",
    "priceClose": 2.84,
    "priceDayHigh": 2.84,
    "priceDayLow": 2.73,
    "priceFiftyTwoWeekHigh": 3.46,
    "priceFiftyTwoWeekLow": 2.305,
    "volumeAverage": 270823.532609,
    "dateExDate": "2023-03-30",
    "datePayDate": "2023-05-19",
    "dateRecordDate": "2023-03-31",
    "dividend": 0.041,
    "dividendType": "I",
    "frankingPercent": 0,
    "cashFlow": 0.452,
    "earningsPerShare": 0.15393,
    "freeCashFlowYield": -0.0000100000010000001,
    "priceEarningsRatio": 18.44994,
    "priceToCash": -99999.99,
    "foreignExempt": false,
    "shareDescription": "Fully Paid Ordinary/units Stapled Securities",
    "numOfShares": 317269912,
    "yieldAnnual": 6.065693430656935,
    "incomeStatement": [
      {
        "revenue": 74727000,
        "netIncome": 169350000,
        "period": "2022A",
        "fPeriodEndDate": 44742,
        "curCode": "AUD"
      },
      {
        "revenue": 65666000,
        "netIncome": 119197000,
        "period": "2021A",
        "fPeriodEndDate": 44377,
        "curCode": "AUD"
      },
      {
        "revenue": 61904000,
        "netIncome": 54836000,
        "period": "2020A",
        "fPeriodEndDate": 44012,
        "curCode": "AUD"
      },
      {
        "revenue": 55352000,
        "netIncome": 29243000,
        "period": "2019A",
        "fPeriodEndDate": 43646,
        "curCode": "AUD"
      }
    ]
  },
  {
    "symbol": "ECF",
    "displayName": "ELANOR COMMERCIAL PROPERTY FUND",
    "industry": "Equity Real Estate Investment Trusts (REITs)",
    "dateListed": "2019-12-06",
    "marketCap": 288066281,
    "xid": "565628840",
    "priceChangeFiveDayPercent": -2.4324324324324285,
    "isRecentListing": false,
    "priceAsk": 0.915,
    "priceBid": 0.885,
    "priceChange": -0.007499999999999951,
    "priceChangePercent": -0.8241758241758188,
    "priceLast": 0.9025000000000001,
    "sector": "Real Estate",
    "industryGroup": "Equity Real Estate Investment Trusts (REITs)",
    "securityType": 6,
    "volume": 576968,
    "statusCode": "",
    "isin": "AU0000063893",
    "priceClose": 0.91,
    "priceDayHigh": 0.905,
    "priceDayLow": 0.885,
    "priceFiftyTwoWeekHigh": 1.1187,
    "priceFiftyTwoWeekLow": 0.885,
    "volumeAverage": 165559.48913,
    "dateExDate": "2022-12-29",
    "datePayDate": "2023-02-28",
    "dateRecordDate": "2022-12-30",
    "dividend": 0.0235,
    "dividendType": "I",
    "frankingPercent": 0,
    "cashFlow": 7.063,
    "earningsPerShare": 0.06229,
    "freeCashFlowYield": -0.0000100000010000001,
    "priceEarningsRatio": 14.60909,
    "priceToCash": -99999.99,
    "foreignExempt": false,
    "shareDescription": "Fully Paid Units Stapled Securities",
    "numOfShares": 316556353,
    "yieldAnnual": 0,
    "incomeStatement": [
      {
        "revenue": 47055000,
        "netIncome": 43948000,
        "period": "2022A",
        "fPeriodEndDate": 44742,
        "curCode": "AUD"
      },
      {
        "revenue": 40028000,
        "netIncome": 31255000,
        "period": "2021A",
        "fPeriodEndDate": 44377,
        "curCode": "AUD"
      },
      {
        "revenue": 34456000,
        "netIncome": -3651000,
        "period": "2020A",
        "fPeriodEndDate": 44012,
        "curCode": "AUD"
      },
      {
        "revenue": 26188000,
        "netIncome": 11105000,
        "period": "2019A",
        "fPeriodEndDate": 43646,
        "curCode": "AUD"
      }
    ]
  },
  {
    "symbol": "GDF",
    "displayName": "GARDA PROPERTY GROUP",
    "industry": "Equity Real Estate Investment Trusts (REITs)",
    "dateListed": "2015-07-02",
    "marketCap": 281140786,
    "xid": "276022715",
    "priceChangeFiveDayPercent": -2.3904382470119367,
    "isRecentListing": false,
    "priceAsk": 1.23,
    "priceBid": 1.21,
    "priceChange": -0.010000000000000009,
    "priceChangePercent": -0.809716599190284,
    "priceLast": 1.225,
    "sector": "Real Estate",
    "industryGroup": "Equity Real Estate Investment Trusts (REITs)",
    "securityType": 6,
    "volume": 171159,
    "statusCode": "CD",
    "isin": "AU000000GDF3",
    "priceClose": 1.235,
    "priceDayHigh": 1.24,
    "priceDayLow": 1.21,
    "priceFiftyTwoWeekHigh": 1.75,
    "priceFiftyTwoWeekLow": 1.21,
    "volumeAverage": 82215.406593,
    "dateExDate": "2023-03-30",
    "datePayDate": "2023-04-19",
    "dateRecordDate": "2023-03-31",
    "dividend": 0.018,
    "dividendType": "I",
    "frankingPercent": 0,
    "cashFlow": 0.537,
    "earningsPerShare": 0.33563,
    "freeCashFlowYield": 0.2674461831417973,
    "priceEarningsRatio": 3.67965,
    "priceToCash": 3.73907,
    "foreignExempt": false,
    "shareDescription": "Fully Paid Ordinary/units Stapled Securities",
    "numOfShares": 227644361,
    "yieldAnnual": 5.877551020408164,
    "incomeStatement": [
      {
        "revenue": 33722000,
        "netIncome": 140519000,
        "period": "2022A",
        "fPeriodEndDate": 44742,
        "curCode": "AUD"
      },
      {
        "revenue": 30497000,
        "netIncome": 35689000,
        "period": "2021A",
        "fPeriodEndDate": 44377,
        "curCode": "AUD"
      },
      {
        "revenue": 29156000,
        "netIncome": 5567000,
        "period": "2020A",
        "fPeriodEndDate": 44012,
        "curCode": "AUD"
      },
      {
        "revenue": 25462000,
        "netIncome": 28780000,
        "period": "2019A",
        "fPeriodEndDate": 43646,
        "curCode": "AUD"
      }
    ]
  },
  {
    "symbol": "GDI",
    "displayName": "GDI PROPERTY GROUP",
    "industry": "Equity Real Estate Investment Trusts (REITs)",
    "dateListed": "2013-12-17",
    "marketCap": 401352234,
    "xid": "70353567",
    "priceChangeFiveDayPercent": -4.545454545454549,
    "isRecentListing": false,
    "priceAsk": 0.77,
    "priceBid": 0.73,
    "priceChange": -0.020000000000000018,
    "priceChangePercent": -2.6490066225165587,
    "priceLast": 0.735,
    "sector": "Real Estate",
    "industryGroup": "Equity Real Estate Investment Trusts (REITs)",
    "securityType": 6,
    "volume": 766081,
    "statusCode": "",
    "isin": "AU000000GDI7",
    "priceClose": 0.755,
    "priceDayHigh": 0.755,
    "priceDayLow": 0.73,
    "priceFiftyTwoWeekHigh": 1.14,
    "priceFiftyTwoWeekLow": 0.715,
    "volumeAverage": 919711.184783,
    "dateExDate": "2022-12-29",
    "datePayDate": "2023-02-28",
    "dateRecordDate": "2022-12-30",
    "dividend": 0.025,
    "dividendType": "I",
    "frankingPercent": 0,
    "cashFlow": -20.02,
    "earningsPerShare": 0.01879,
    "freeCashFlowYield": 0.074054655297796,
    "priceEarningsRatio": 40.18095,
    "priceToCash": 13.50354,
    "foreignExempt": false,
    "shareDescription": "Fully Paid Ordinary/units Stapled Securities",
    "numOfShares": 531592363,
    "yieldAnnual": 8.666666666666668,
    "incomeStatement": [
      {
        "revenue": 44328000,
        "netIncome": 48130000,
        "period": "2022A",
        "fPeriodEndDate": 44742,
        "curCode": "AUD"
      },
      {
        "revenue": 54809000,
        "netIncome": 15985000,
        "period": "2021A",
        "fPeriodEndDate": 44377,
        "curCode": "AUD"
      },
      {
        "revenue": 70295000,
        "netIncome": 67103000,
        "period": "2020A",
        "fPeriodEndDate": 44012,
        "curCode": "AUD"
      },
      {
        "revenue": 77808000,
        "netIncome": 81614000,
        "period": "2019A",
        "fPeriodEndDate": 43646,
        "curCode": "AUD"
      }
    ]
  },
  {
    "symbol": "GMG",
    "displayName": "GOODMAN GROUP",
    "industry": "Equity Real Estate Investment Trusts (REITs)",
    "dateListed": "2005-02-02",
    "marketCap": 35691303290,
    "xid": "200328",
    "priceChangeFiveDayPercent": -3.6572622779519293,
    "isRecentListing": false,
    "priceAsk": 18.51,
    "priceBid": 18.31,
    "priceChange": -0.5399999999999991,
    "priceChangePercent": -2.8451001053740734,
    "priceLast": 18.44,
    "sector": "Real Estate",
    "industryGroup": "Equity Real Estate Investment Trusts (REITs)",
    "securityType": 6,
    "volume": 3023729,
    "statusCode": "",
    "isin": "AU000000GMG2",
    "priceClose": 18.98,
    "priceDayHigh": 18.82,
    "priceDayLow": 18.35,
    "priceFiftyTwoWeekHigh": 24.13,
    "priceFiftyTwoWeekLow": 15.57,
    "volumeAverage": 3821385.130435,
    "dateExDate": "2022-12-29",
    "datePayDate": "2023-02-24",
    "dateRecordDate": "2022-12-30",
    "dividend": 0.15,
    "dividendType": "I",
    "frankingPercent": 0,
    "cashFlow": 513.6,
    "earningsPerShare": 1.31059,
    "freeCashFlowYield": -0.0000100000010000001,
    "priceEarningsRatio": 14.48203,
    "priceToCash": -99999.99,
    "foreignExempt": false,
    "shareDescription": "Fully Paid Ordinary/units Stapled Securities",
    "numOfShares": 1880469088,
    "yieldAnnual": 1.6268980477223427,
    "incomeStatement": [
      {
        "revenue": 2091800000,
        "netIncome": 3414000000,
        "period": "2022A",
        "fPeriodEndDate": 44742,
        "curCode": "AUD"
      },
      {
        "revenue": 1988300000,
        "netIncome": 2311900000,
        "period": "2021A",
        "fPeriodEndDate": 44377,
        "curCode": "AUD"
      },
      {
        "revenue": 1510900000,
        "netIncome": 1504100000,
        "period": "2020A",
        "fPeriodEndDate": 44012,
        "curCode": "AUD"
      },
      {
        "revenue": 1718600000,
        "netIncome": 1627900000,
        "period": "2019A",
        "fPeriodEndDate": 43646,
        "curCode": "AUD"
      }
    ]
  },
  {
    "symbol": "GPT",
    "displayName": "GPT GROUP",
    "industry": "Equity Real Estate Investment Trusts (REITs)",
    "dateListed": "1971-04-01",
    "marketCap": 8351917595,
    "xid": "141354",
    "priceChangeFiveDayPercent": -5.506607929515418,
    "isRecentListing": false,
    "priceAsk": 4.43,
    "priceBid": 4.28,
    "priceChange": -0.07000000000000028,
    "priceChangePercent": -1.6055045871559697,
    "priceLast": 4.29,
    "sector": "Real Estate",
    "industryGroup": "Equity Real Estate Investment Trusts (REITs)",
    "securityType": 6,
    "volume": 5924042,
    "statusCode": "",
    "isin": "AU000000GPT8",
    "priceClose": 4.36,
    "priceDayHigh": 4.36,
    "priceDayLow": 4.25,
    "priceFiftyTwoWeekHigh": 5.27,
    "priceFiftyTwoWeekLow": 3.68,
    "volumeAverage": 4863012.065217,
    "dateExDate": "2022-12-29",
    "datePayDate": "2023-02-28",
    "dateRecordDate": "2022-12-30",
    "dividend": 0.123,
    "dividendType": "F",
    "frankingPercent": 0,
    "cashFlow": 122.1,
    "earningsPerShare": 0.24499,
    "freeCashFlowYield": 0.05668159848909531,
    "priceEarningsRatio": 17.79664,
    "priceToCash": 17.64241,
    "foreignExempt": false,
    "shareDescription": "Fully Paid Ordinary/units Stapled Securities",
    "numOfShares": 1915577430,
    "yieldAnnual": 5.827505827505827,
    "incomeStatement": [
      {
        "revenue": 813200000,
        "netIncome": 469300000,
        "period": "2022A",
        "fPeriodEndDate": 44926,
        "curCode": "AUD"
      },
      {
        "revenue": 795200000,
        "netIncome": 1422800000,
        "period": "2021A",
        "fPeriodEndDate": 44561,
        "curCode": "AUD"
      },
      {
        "revenue": 716700000,
        "netIncome": -213100000,
        "period": "2020A",
        "fPeriodEndDate": 44196,
        "curCode": "AUD"
      },
      {
        "revenue": 807000000,
        "netIncome": 880000000,
        "period": "2019A",
        "fPeriodEndDate": 43830,
        "curCode": "AUD"
      }
    ]
  },
  {
    "symbol": "GOZ",
    "displayName": "GROWTHPOINT PROPERTIES AUSTRALIA",
    "industry": "Equity Real Estate Investment Trusts (REITs)",
    "dateListed": "2007-07-04",
    "marketCap": 2359150819,
    "xid": "7486256",
    "priceChangeFiveDayPercent": -0.6557377049180189,
    "isRecentListing": false,
    "priceAsk": 3.17,
    "priceBid": 3.02,
    "priceChange": -0.04999999999999982,
    "priceChangePercent": -1.6233766233766176,
    "priceLast": 3.0300000000000002,
    "sector": "Real Estate",
    "industryGroup": "Equity Real Estate Investment Trusts (REITs)",
    "securityType": 6,
    "volume": 465900,
    "statusCode": "",
    "isin": "AU000000GOZ8",
    "priceClose": 3.08,
    "priceDayHigh": 3.08,
    "priceDayLow": 3.02,
    "priceFiftyTwoWeekHigh": 4.48,
    "priceFiftyTwoWeekLow": 2.94,
    "volumeAverage": 639897.369565,
    "dateExDate": "2022-12-29",
    "datePayDate": "2023-02-28",
    "dateRecordDate": "2022-12-30",
    "dividend": 0.107,
    "dividendType": "I",
    "frankingPercent": 0,
    "cashFlow": 37.6,
    "earningsPerShare": -0.03343,
    "freeCashFlowYield": -0.0000100000010000001,
    "priceEarningsRatio": -99999.99,
    "priceToCash": -99999.99,
    "foreignExempt": false,
    "shareDescription": "Fully Paid Ordinary/units Stapled Securities",
    "numOfShares": 765958058,
    "yieldAnnual": 6.963696369636963,
    "incomeStatement": [
      {
        "revenue": 303700000,
        "netIncome": 459200000,
        "period": "2022A",
        "fPeriodEndDate": 44742,
        "curCode": "AUD"
      },
      {
        "revenue": 288700000,
        "netIncome": 553200000,
        "period": "2021A",
        "fPeriodEndDate": 44377,
        "curCode": "AUD"
      },
      {
        "revenue": 287300000,
        "netIncome": 272100000,
        "period": "2020A",
        "fPeriodEndDate": 44012,
        "curCode": "AUD"
      },
      {
        "revenue": 277194000,
        "netIncome": 375292000,
        "period": "2019A",
        "fPeriodEndDate": 43646,
        "curCode": "AUD"
      }
    ]
  },
  {
    "symbol": "HCW",
    "displayName": "HEALTHCO HEALTHCARE AND WELLNESS REIT",
    "industry": "Equity Real Estate Investment Trusts (REITs)",
    "dateListed": "2021-09-06",
    "marketCap": 480397876,
    "xid": "674091856",
    "priceChangeFiveDayPercent": -5.769230769230774,
    "isRecentListing": false,
    "priceAsk": 1.51,
    "priceBid": 1.46,
    "priceChange": -0.0050000000000001155,
    "priceChangePercent": -0.33898305084746544,
    "priceLast": 1.47,
    "sector": "Real Estate",
    "industryGroup": "Equity Real Estate Investment Trusts (REITs)",
    "securityType": 6,
    "volume": 252220,
    "statusCode": "",
    "isin": "AU0000169302",
    "priceClose": 1.475,
    "priceDayHigh": 1.5,
    "priceDayLow": 1.455,
    "priceFiftyTwoWeekHigh": 2.02,
    "priceFiftyTwoWeekLow": 1.365,
    "volumeAverage": 285237.467391,
    "dateExDate": "2022-12-29",
    "datePayDate": "2023-02-24",
    "dateRecordDate": "2022-12-30",
    "dividend": 0.0187,
    "dividendType": "I",
    "frankingPercent": 0,
    "cashFlow": 12.102,
    "earningsPerShare": 0.12418,
    "freeCashFlowYield": -0.0000100000010000001,
    "priceEarningsRatio": 11.87792,
    "priceToCash": -99999.99,
    "foreignExempt": false,
    "shareDescription": "Ordinary Units Fully Paid",
    "numOfShares": 325693475,
    "yieldAnnual": 0,
    "incomeStatement": [
      {
        "revenue": 27490000,
        "netIncome": 49612000,
        "period": "2022A",
        "fPeriodEndDate": 44742,
        "curCode": "AUD"
      }
    ]
  },
  {
    "symbol": "HMC",
    "displayName": "HMC CAPITAL LIMITED",
    "industry": "Equity Real Estate Investment Trusts (REITs)",
    "dateListed": "2019-10-14",
    "marketCap": 1151976465,
    "xid": "698247246",
    "priceChangeFiveDayPercent": -3.8759689922480596,
    "isRecentListing": false,
    "priceAsk": 4.2,
    "priceBid": 3.71,
    "priceChange": -0.10999999999999988,
    "priceChangePercent": -2.872062663185375,
    "priceLast": 3.72,
    "sector": "Real Estate",
    "industryGroup": "Equity Real Estate Investment Trusts (REITs)",
    "securityType": 1,
    "volume": 266461,
    "statusCode": "XD",
    "isin": "AU0000058943",
    "priceClose": 3.83,
    "priceDayHigh": 3.85,
    "priceDayLow": 3.72,
    "priceFiftyTwoWeekHigh": 7.52,
    "priceFiftyTwoWeekLow": 3.71,
    "volumeAverage": 470551.663043,
    "dateExDate": "2023-03-01",
    "datePayDate": "2023-04-06",
    "dateRecordDate": "2023-03-02",
    "dividend": 0.06,
    "dividendType": "I",
    "frankingPercent": 100,
    "cashFlow": -41.603,
    "earningsPerShare": 0.16265,
    "freeCashFlowYield": -0.0000100000010000001,
    "priceEarningsRatio": 23.54749,
    "priceToCash": -99999.99,
    "foreignExempt": false,
    "shareDescription": "Ordinary Fully Paid",
    "numOfShares": 300777145,
    "yieldAnnual": 0,
    "incomeStatement": [
      {
        "revenue": 78592000,
        "netIncome": 77249000,
        "period": "2022A",
        "fPeriodEndDate": 44742,
        "curCode": "AUD"
      },
      {
        "revenue": 69397000,
        "netIncome": -89991000,
        "period": "2021A",
        "fPeriodEndDate": 44377,
        "curCode": "AUD"
      },
      {
        "revenue": 62257000,
        "netIncome": -2818000,
        "period": "2020A",
        "fPeriodEndDate": 44012,
        "curCode": "AUD"
      },
      {
        "revenue": 49246000,
        "netIncome": -22583000,
        "period": "2019A",
        "fPeriodEndDate": 43646,
        "curCode": "AUD"
      }
    ]
  },
  {
    "symbol": "HDN",
    "displayName": "HOMECO DAILY NEEDS REIT",
    "industry": "Equity Real Estate Investment Trusts (REITs)",
    "dateListed": "2020-11-23",
    "marketCap": 2476151668,
    "xid": "626000578",
    "priceChangeFiveDayPercent": -3.673469387755114,
    "isRecentListing": false,
    "priceAsk": 1.19,
    "priceBid": 1.17,
    "priceChange": -0.015000000000000124,
    "priceChangePercent": -1.255230125523023,
    "priceLast": 1.18,
    "sector": "Real Estate",
    "industryGroup": "Equity Real Estate Investment Trusts (REITs)",
    "securityType": 6,
    "volume": 1839816,
    "statusCode": "",
    "isin": "AU0000113136",
    "priceClose": 1.195,
    "priceDayHigh": 1.195,
    "priceDayLow": 1.175,
    "priceFiftyTwoWeekHigh": 1.565,
    "priceFiftyTwoWeekLow": 1.105,
    "volumeAverage": 3137195.456522,
    "dateExDate": "2022-12-29",
    "datePayDate": "2023-02-27",
    "dateRecordDate": "2022-12-30",
    "dividend": 0.0208,
    "dividendType": "I",
    "frankingPercent": 0,
    "cashFlow": 66.6,
    "earningsPerShare": 0.1784,
    "freeCashFlowYield": -0.0000100000010000001,
    "priceEarningsRatio": 6.69843,
    "priceToCash": -99999.99,
    "foreignExempt": false,
    "shareDescription": "Ordinary Units Fully Paid",
    "numOfShares": 2072093446,
    "yieldAnnual": 7.076271186440677,
    "incomeStatement": [
      {
        "revenue": 198300000,
        "netIncome": 335100000,
        "period": "2022A",
        "fPeriodEndDate": 44742,
        "curCode": "AUD"
      },
      {
        "revenue": 45200000,
        "netIncome": 31300000,
        "period": "2021A",
        "fPeriodEndDate": 44377,
        "curCode": "AUD"
      },
      {
        "revenue": 0,
        "netIncome": -32768,
        "period": "2019A",
        "fPeriodEndDate": 43646,
        "curCode": "AUD"
      }
    ]
  },
  {
    "symbol": "HPI",
    "displayName": "HOTEL PROPERTY INVESTMENTS",
    "industry": "Equity Real Estate Investment Trusts (REITs)",
    "dateListed": "2013-12-10",
    "marketCap": 709184736,
    "xid": "70099155",
    "priceChangeFiveDayPercent": -0.5899705014749268,
    "isRecentListing": false,
    "priceAsk": 3.5500000000000003,
    "priceBid": 3.37,
    "priceChange": -0.2799999999999998,
    "priceChangePercent": -7.671232876712323,
    "priceLast": 3.37,
    "sector": "Real Estate",
    "industryGroup": "Equity Real Estate Investment Trusts (REITs)",
    "securityType": 6,
    "volume": 227845,
    "statusCode": "",
    "isin": "AU000000HPI9",
    "priceClose": 3.65,
    "priceDayHigh": 3.62,
    "priceDayLow": 3.36,
    "priceFiftyTwoWeekHigh": 4.14,
    "priceFiftyTwoWeekLow": 2.82,
    "volumeAverage": 371443.478261,
    "dateExDate": "2022-12-29",
    "datePayDate": "2023-03-03",
    "dateRecordDate": "2022-12-30",
    "dividend": 0.092,
    "dividendType": "I",
    "frankingPercent": 0,
    "cashFlow": 33.586,
    "earningsPerShare": 0.43284,
    "freeCashFlowYield": -0.0000100000010000001,
    "priceEarningsRatio": 8.43268,
    "priceToCash": -99999.99,
    "foreignExempt": false,
    "shareDescription": "Fully Paid Ordinary/units Stapled Securities",
    "numOfShares": 194297188,
    "yieldAnnual": 5.786350148367953,
    "incomeStatement": [
      {
        "revenue": 73975000,
        "netIncome": 211446000,
        "period": "2022A",
        "fPeriodEndDate": 44742,
        "curCode": "AUD"
      },
      {
        "revenue": 60143000,
        "netIncome": 84720000,
        "period": "2021A",
        "fPeriodEndDate": 44377,
        "curCode": "AUD"
      },
      {
        "revenue": 54107000,
        "netIncome": 40943000,
        "period": "2020A",
        "fPeriodEndDate": 44012,
        "curCode": "AUD"
      },
      {
        "revenue": 51158000,
        "netIncome": 49238000,
        "period": "2019A",
        "fPeriodEndDate": 43646,
        "curCode": "AUD"
      }
    ]
  },
  {
    "symbol": "INA",
    "displayName": "INGENIA COMMUNITIES GROUP",
    "industry": "Equity Real Estate Investment Trusts (REITs)",
    "dateListed": "2004-07-01",
    "marketCap": 1426541424,
    "xid": "283015",
    "priceChangeFiveDayPercent": -6.557377049180333,
    "isRecentListing": false,
    "priceAsk": 3.5500000000000003,
    "priceBid": 3.4,
    "priceChange": -0.08000000000000007,
    "priceChangePercent": -2.285714285714288,
    "priceLast": 3.42,
    "sector": "Real Estate",
    "industryGroup": "Equity Real Estate Investment Trusts (REITs)",
    "securityType": 6,
    "volume": 768205,
    "statusCode": "XD",
    "isin": "AU000000INA9",
    "priceClose": 3.5,
    "priceDayHigh": 3.52,
    "priceDayLow": 3.42,
    "priceFiftyTwoWeekHigh": 5.33,
    "priceFiftyTwoWeekLow": 3.395,
    "volumeAverage": 959551.56044,
    "dateExDate": "2023-02-24",
    "datePayDate": "2023-03-23",
    "dateRecordDate": "2023-02-27",
    "dividend": 0.052,
    "dividendType": "I",
    "frankingPercent": 0,
    "cashFlow": 51.527,
    "earningsPerShare": 0.23053,
    "freeCashFlowYield": 0.06914974169113991,
    "priceEarningsRatio": 15.18241,
    "priceToCash": 14.46137,
    "foreignExempt": false,
    "shareDescription": "Fully Paid Ordinary/units Stapled Securities",
    "numOfShares": 407583264,
    "yieldAnnual": 3.216374269005848,
    "incomeStatement": [
      {
        "revenue": 338146000,
        "netIncome": 100587000,
        "period": "2022A",
        "fPeriodEndDate": 44742,
        "curCode": "AUD"
      },
      {
        "revenue": 295578000,
        "netIncome": 72781000,
        "period": "2021A",
        "fPeriodEndDate": 44377,
        "curCode": "AUD"
      },
      {
        "revenue": 244209000,
        "netIncome": 31452000,
        "period": "2020A",
        "fPeriodEndDate": 44012,
        "curCode": "AUD"
      },
      {
        "revenue": 228708000,
        "netIncome": 29313000,
        "period": "2019A",
        "fPeriodEndDate": 43646,
        "curCode": "AUD"
      }
    ]
  },
  {
    "symbol": "MGR",
    "displayName": "MIRVAC GROUP",
    "industry": "Equity Real Estate Investment Trusts (REITs)",
    "dateListed": "1999-06-16",
    "marketCap": 8523058069,
    "xid": "200330",
    "priceChangeFiveDayPercent": -3.6529680365296837,
    "isRecentListing": false,
    "priceAsk": 2.12,
    "priceBid": 2.1,
    "priceChange": -0.050000000000000266,
    "priceChangePercent": -2.314814814814827,
    "priceLast": 2.11,
    "sector": "Real Estate",
    "industryGroup": "Equity Real Estate Investment Trusts (REITs)",
    "securityType": 6,
    "volume": 12623667,
    "statusCode": "",
    "isin": "AU000000MGR9",
    "priceClose": 2.16,
    "priceDayHigh": 2.15,
    "priceDayLow": 2.09,
    "priceFiftyTwoWeekHigh": 2.59,
    "priceFiftyTwoWeekLow": 1.865,
    "volumeAverage": 12269558.891304,
    "dateExDate": "2022-12-29",
    "datePayDate": "2023-02-28",
    "dateRecordDate": "2022-12-30",
    "dividend": 0.052,
    "dividendType": "I",
    "frankingPercent": 0,
    "cashFlow": -128,
    "earningsPerShare": 0.141,
    "freeCashFlowYield": 0.07520776144098072,
    "priceEarningsRatio": 15.31915,
    "priceToCash": 13.2965,
    "foreignExempt": false,
    "shareDescription": "Fully Paid Ordinary/units Stapled Securities",
    "numOfShares": 3945860217,
    "yieldAnnual": 4.881516587677725,
    "incomeStatement": [
      {
        "revenue": 2306000000,
        "netIncome": 906000000,
        "period": "2022A",
        "fPeriodEndDate": 44742,
        "curCode": "AUD"
      },
      {
        "revenue": 1808000000,
        "netIncome": 901000000,
        "period": "2021A",
        "fPeriodEndDate": 44377,
        "curCode": "AUD"
      },
      {
        "revenue": 2116000000,
        "netIncome": 558000000,
        "period": "2020A",
        "fPeriodEndDate": 44012,
        "curCode": "AUD"
      },
      {
        "revenue": 2186000000,
        "netIncome": 1019000000,
        "period": "2019A",
        "fPeriodEndDate": 43646,
        "curCode": "AUD"
      }
    ]
  },
  {
    "symbol": "NSR",
    "displayName": "NATIONAL STORAGE REIT",
    "industry": "Equity Real Estate Investment Trusts (REITs)",
    "dateListed": "2013-12-19",
    "marketCap": 3017882453,
    "xid": "70414175",
    "priceChangeFiveDayPercent": -0.40322580645160433,
    "isRecentListing": false,
    "priceAsk": 2.47,
    "priceBid": 2.45,
    "priceChange": -0.029999999999999805,
    "priceChangePercent": -1.1999999999999922,
    "priceLast": 2.47,
    "securityType": 6,
    "volume": 3388508,
    "statusCode": "",
    "isin": "AU000000NSR2",
    "priceClose": 2.5,
    "priceDayHigh": 2.495,
    "priceDayLow": 2.46,
    "priceFiftyTwoWeekHigh": 2.78,
    "priceFiftyTwoWeekLow": 2.03,
    "volumeAverage": 2986094.826087,
    "dateExDate": "2022-12-29",
    "datePayDate": "2023-03-01",
    "dateRecordDate": "2022-12-30",
    "dividend": 0.055,
    "dividendType": "I",
    "frankingPercent": 0,
    "cashFlow": 94.613,
    "earningsPerShare": 0.44241,
    "freeCashFlowYield": -0.0000100000010000001,
    "priceEarningsRatio": 5.65087,
    "priceToCash": -99999.99,
    "foreignExempt": false,
    "shareDescription": "Fully Paid Ordinary/units Stapled Securities",
    "numOfShares": 1207152981,
    "yieldAnnual": 4.412955465587045,
    "incomeStatement": [
      {
        "revenue": 278887000,
        "netIncome": 620618000,
        "period": "2022A",
        "fPeriodEndDate": 44742,
        "curCode": "AUD"
      },
      {
        "revenue": 217748000,
        "netIncome": 309708000,
        "period": "2021A",
        "fPeriodEndDate": 44377,
        "curCode": "AUD"
      },
      {
        "revenue": 177913000,
        "netIncome": 121779000,
        "period": "2020A",
        "fPeriodEndDate": 44012,
        "curCode": "AUD"
      },
      {
        "revenue": 159188000,
        "netIncome": 144840000,
        "period": "2019A",
        "fPeriodEndDate": 43646,
        "curCode": "AUD"
      }
    ]
  },
  {
    "symbol": "NPR",
    "displayName": "NEWMARK PROPERTY REIT",
    "industry": "Equity Real Estate Investment Trusts (REITs)",
    "dateListed": "2021-12-06",
    "marketCap": 240683994,
    "xid": "690489356",
    "priceChangeFiveDayPercent": 2.9411764705882377,
    "isRecentListing": false,
    "priceAsk": 1.4000000000000001,
    "priceBid": 1.32,
    "priceChange": 0.07500000000000018,
    "priceChangePercent": 5.66037735849058,
    "priceLast": 1.4000000000000001,
    "sector": "Real Estate",
    "industryGroup": "Equity Real Estate Investment Trusts (REITs)",
    "securityType": 6,
    "volume": 96172,
    "statusCode": "",
    "isin": "AU0000189334",
    "priceClose": 1.325,
    "priceDayHigh": 1.4000000000000001,
    "priceDayLow": 1.325,
    "priceFiftyTwoWeekHigh": 1.8125,
    "priceFiftyTwoWeekLow": 1.205,
    "volumeAverage": 94971.358696,
    "dateExDate": "2022-12-29",
    "datePayDate": "2023-02-10",
    "dateRecordDate": "2022-12-30",
    "dividend": 0.025,
    "dividendType": "I",
    "frankingPercent": 0,
    "cashFlow": 13.50812,
    "earningsPerShare": 0.25214,
    "freeCashFlowYield": -0.0000100000010000001,
    "priceEarningsRatio": 5.25502,
    "priceToCash": -99999.99,
    "foreignExempt": false,
    "shareDescription": "Fully Paid Units Stapled Securities",
    "numOfShares": 181648297,
    "yieldAnnual": 0,
    "incomeStatement": [
      {
        "revenue": 24191460,
        "netIncome": 48864230,
        "period": "2022A",
        "fPeriodEndDate": 44742,
        "curCode": "AUD"
      },
      {
        "revenue": 14646040,
        "netIncome": 11410230,
        "period": "2021A",
        "fPeriodEndDate": 44377,
        "curCode": "AUD"
      }
    ]
  },
  {
    "symbol": "REP",
    "displayName": "RAM ESSENTIAL SERVICES PROPERTY FUND",
    "industry": "Equity Real Estate Investment Trusts (REITs)",
    "dateListed": "2021-10-20",
    "marketCap": 382996809,
    "xid": "684224736",
    "priceChangeFiveDayPercent": -2.7027027027027053,
    "isRecentListing": false,
    "priceAsk": 0.745,
    "priceBid": 0.715,
    "priceChange": -0.015000000000000013,
    "priceChangePercent": -2.040816326530614,
    "priceLast": 0.72,
    "sector": "Real Estate",
    "industryGroup": "Equity Real Estate Investment Trusts (REITs)",
    "securityType": 6,
    "volume": 364061,
    "statusCode": "",
    "isin": "AU0000180317",
    "priceClose": 0.735,
    "priceDayHigh": 0.735,
    "priceDayLow": 0.715,
    "priceFiftyTwoWeekHigh": 0.98,
    "priceFiftyTwoWeekLow": 0.66,
    "volumeAverage": 294076.804348,
    "dateExDate": "2022-12-29",
    "datePayDate": "2023-01-27",
    "dateRecordDate": "2022-12-30",
    "dividend": 0.0145,
    "dividendType": "I",
    "frankingPercent": 0,
    "cashFlow": -4.41,
    "earningsPerShare": 0.04096,
    "freeCashFlowYield": 0.10095381161211124,
    "priceEarningsRatio": 17.94434,
    "priceToCash": 9.90552,
    "foreignExempt": false,
    "shareDescription": "Fully Paid Units Stapled Securities",
    "numOfShares": 521084094,
    "yieldAnnual": 0,
    "incomeStatement": [
      {
        "revenue": 36513000,
        "netIncome": 42535000,
        "period": "2022A",
        "fPeriodEndDate": 44742,
        "curCode": "AUD"
      }
    ]
  },
  {
    "symbol": "RGN",
    "displayName": "REGION GROUP",
    "industry": "Equity Real Estate Investment Trusts (REITs)",
    "dateListed": "2012-11-26",
    "marketCap": 2768834518,
    "xid": "52379331",
    "priceChangeFiveDayPercent": 0,
    "isRecentListing": false,
    "priceAsk": 2.47,
    "priceBid": 2.36,
    "priceChange": -0.010000000000000231,
    "priceChangePercent": -0.41493775933610916,
    "priceLast": 2.4,
    "sector": "Real Estate",
    "industryGroup": "Equity Real Estate Investment Trusts (REITs)",
    "securityType": 6,
    "volume": 2391783,
    "statusCode": "",
    "isin": "AU0000253502",
    "priceClose": 2.41,
    "priceDayHigh": 2.43,
    "priceDayLow": 2.3850000000000002,
    "priceFiftyTwoWeekHigh": 3.16,
    "priceFiftyTwoWeekLow": 2.265,
    "volumeAverage": 2897794.543478,
    "dateExDate": "2022-12-29",
    "datePayDate": "2023-01-31",
    "dateRecordDate": "2022-12-30",
    "dividend": 0.075,
    "dividendType": "I",
    "frankingPercent": 0,
    "cashFlow": 10.3,
    "earningsPerShare": -0.03554,
    "freeCashFlowYield": -0.0000100000010000001,
    "priceEarningsRatio": -99999.99,
    "priceToCash": -99999.99,
    "foreignExempt": false,
    "shareDescription": "Fully Paid Units Stapled Securities",
    "numOfShares": 1148893991,
    "yieldAnnual": 6.458333333333334,
    "incomeStatement": [
      {
        "revenue": 350300000,
        "netIncome": 487100000,
        "period": "2022A",
        "fPeriodEndDate": 44742,
        "curCode": "AUD"
      },
      {
        "revenue": 294400000,
        "netIncome": 462900000,
        "period": "2021A",
        "fPeriodEndDate": 44377,
        "curCode": "AUD"
      },
      {
        "revenue": 292400000,
        "netIncome": 85500000,
        "period": "2020A",
        "fPeriodEndDate": 44012,
        "curCode": "AUD"
      },
      {
        "revenue": 270000000,
        "netIncome": 109600000,
        "period": "2019A",
        "fPeriodEndDate": 43646,
        "curCode": "AUD"
      }
    ]
  },
  {
    "symbol": "RFF",
    "displayName": "RURAL FUNDS GROUP",
    "industry": "Equity Real Estate Investment Trusts (REITs)",
    "dateListed": "2014-02-14",
    "marketCap": 787716744,
    "xid": "72172995",
    "priceChangeFiveDayPercent": -3.3018867924528434,
    "isRecentListing": false,
    "priceAsk": 2.05,
    "priceBid": 2.04,
    "priceChange": 0,
    "priceChangePercent": 0,
    "priceLast": 2.05,
    "sector": "Real Estate",
    "industryGroup": "Equity Real Estate Investment Trusts (REITs)",
    "securityType": 6,
    "volume": 579938,
    "statusCode": "CD",
    "isin": "AU000000RFF5",
    "priceClose": 2.05,
    "priceDayHigh": 2.05,
    "priceDayLow": 2.02,
    "priceFiftyTwoWeekHigh": 3.13,
    "priceFiftyTwoWeekLow": 2.02,
    "volumeAverage": 426175.380435,
    "dateExDate": "2023-03-30",
    "datePayDate": "2023-04-28",
    "dateRecordDate": "2023-03-31",
    "dividend": 0.0293,
    "dividendType": "I",
    "frankingPercent": 0,
    "cashFlow": -27,
    "earningsPerShare": 0.59002,
    "freeCashFlowYield": 0.2893476656877071,
    "priceEarningsRatio": 3.47446,
    "priceToCash": 3.45605,
    "foreignExempt": false,
    "shareDescription": "Fully Paid Units Stapled Securities",
    "numOfShares": 384252070,
    "yieldAnnual": 5.721951219512195,
    "incomeStatement": [
      {
        "revenue": 81865000,
        "netIncome": 209136000,
        "period": "2022A",
        "fPeriodEndDate": 44742,
        "curCode": "AUD"
      },
      {
        "revenue": 67650000,
        "netIncome": 119634000,
        "period": "2021A",
        "fPeriodEndDate": 44377,
        "curCode": "AUD"
      },
      {
        "revenue": 66818000,
        "netIncome": 48988000,
        "period": "2020A",
        "fPeriodEndDate": 44012,
        "curCode": "AUD"
      },
      {
        "revenue": 55674000,
        "netIncome": 33355000,
        "period": "2019A",
        "fPeriodEndDate": 43646,
        "curCode": "AUD"
      }
    ]
  },
  {
    "symbol": "SCG",
    "displayName": "SCENTRE GROUP",
    "industry": "Equity Real Estate Investment Trusts (REITs)",
    "dateListed": "2014-06-25",
    "marketCap": 14896385833,
    "xid": "76053389",
    "priceChangeFiveDayPercent": -5.841924398625427,
    "isRecentListing": false,
    "priceAsk": 2.75,
    "priceBid": 2.74,
    "priceChange": -0.1299999999999999,
    "priceChangePercent": -4.5296167247386725,
    "priceLast": 2.74,
    "sector": "Real Estate",
    "industryGroup": "Equity Real Estate Investment Trusts (REITs)",
    "securityType": 6,
    "volume": 17712731,
    "statusCode": "",
    "isin": "AU000000SCG8",
    "priceClose": 2.87,
    "priceDayHigh": 2.83,
    "priceDayLow": 2.74,
    "priceFiftyTwoWeekHigh": 3.19,
    "priceFiftyTwoWeekLow": 2.42,
    "volumeAverage": 11134869.521739,
    "dateExDate": "2023-02-16",
    "datePayDate": "2023-02-28",
    "dateRecordDate": "2023-02-17",
    "dividend": 0.0825,
    "dividendType": "F",
    "frankingPercent": 58.42,
    "cashFlow": 344.6,
    "earningsPerShare": 0.05764,
    "freeCashFlowYield": -0.0000100000010000001,
    "priceEarningsRatio": 49.79181,
    "priceToCash": -99999.99,
    "foreignExempt": false,
    "shareDescription": "Fully Paid Ordinary/units Stapled Securities",
    "numOfShares": 5190378339,
    "yieldAnnual": 5.748175182481752,
    "incomeStatement": [
      {
        "revenue": 2457900000,
        "netIncome": 300600000,
        "period": "2022A",
        "fPeriodEndDate": 44926,
        "curCode": "AUD"
      },
      {
        "revenue": 2280800000,
        "netIncome": 887900000,
        "period": "2021A",
        "fPeriodEndDate": 44561,
        "curCode": "AUD"
      },
      {
        "revenue": 2162300000,
        "netIncome": -3731800000,
        "period": "2020A",
        "fPeriodEndDate": 44196,
        "curCode": "AUD"
      },
      {
        "revenue": 2616400000,
        "netIncome": 1179500000,
        "period": "2019A",
        "fPeriodEndDate": 43830,
        "curCode": "AUD"
      }
    ]
  },
  {
    "symbol": "SGP",
    "displayName": "STOCKLAND",
    "industry": "Equity Real Estate Investment Trusts (REITs)",
    "dateListed": "1987-02-19",
    "marketCap": 9333841198,
    "xid": "252220",
    "priceChangeFiveDayPercent": 3.243243243243246,
    "isRecentListing": false,
    "priceAsk": 3.83,
    "priceBid": 3.81,
    "priceChange": -0.08999999999999986,
    "priceChangePercent": -2.3017902813299194,
    "priceLast": 3.8200000000000003,
    "sector": "Real Estate",
    "industryGroup": "Equity Real Estate Investment Trusts (REITs)",
    "securityType": 6,
    "volume": 8523232,
    "statusCode": "",
    "isin": "AU000000SGP0",
    "priceClose": 3.91,
    "priceDayHigh": 3.85,
    "priceDayLow": 3.8000000000000003,
    "priceFiftyTwoWeekHigh": 4.37,
    "priceFiftyTwoWeekLow": 3.125,
    "volumeAverage": 7255671.23913,
    "dateExDate": "2022-12-29",
    "datePayDate": "2023-02-28",
    "dateRecordDate": "2022-12-30",
    "dividend": 0.118,
    "dividendType": "I",
    "frankingPercent": 0,
    "cashFlow": -59,
    "earningsPerShare": 0.37103,
    "freeCashFlowYield": -0.0000100000010000001,
    "priceEarningsRatio": 10.53823,
    "priceToCash": -99999.99,
    "foreignExempt": false,
    "shareDescription": "Fully Paid Ordinary/units Stapled Securities",
    "numOfShares": 2387171662,
    "yieldAnnual": 6.9109947643979055,
    "incomeStatement": [
      {
        "revenue": 2847000000,
        "netIncome": 1381000000,
        "period": "2022A",
        "fPeriodEndDate": 44742,
        "curCode": "AUD"
      },
      {
        "revenue": 2641000000,
        "netIncome": 1105000000,
        "period": "2021A",
        "fPeriodEndDate": 44377,
        "curCode": "AUD"
      },
      {
        "revenue": 2812000000,
        "netIncome": -21000000,
        "period": "2020A",
        "fPeriodEndDate": 44012,
        "curCode": "AUD"
      },
      {
        "revenue": 2768000000,
        "netIncome": 311000000,
        "period": "2019A",
        "fPeriodEndDate": 43646,
        "curCode": "AUD"
      }
    ]
  },
  {
    "symbol": "URW",
    "displayName": "UNIBAIL-RODAMCO-WESTFIELD",
    "industry": "Equity Real Estate Investment Trusts (REITs)",
    "dateListed": "2018-05-31",
    "marketCap": 11711942227,
    "xid": "471694424",
    "priceChangeFiveDayPercent": -6.575963718820862,
    "isRecentListing": false,
    "priceAsk": 4.13,
    "priceBid": 3.94,
    "priceChange": -0.09999999999999964,
    "priceChangePercent": -2.3696682464454892,
    "priceLast": 4.12,
    "securityType": 1,
    "volume": 188024,
    "statusCode": "",
    "isin": "AU0000009771",
    "priceClose": 4.22,
    "priceDayHigh": 4.175,
    "priceDayLow": 4.08,
    "priceFiftyTwoWeekHigh": 5.44,
    "priceFiftyTwoWeekLow": 3.03,
    "volumeAverage": 246084.391304,
    "dateExDate": "2020-03-24",
    "datePayDate": "2020-04-09",
    "dateRecordDate": "2020-03-25",
    "dividend": 0.3509,
    "dividendType": "F",
    "frankingPercent": 0,
    "foreignExempt": true,
    "shareDescription": "Cdi 20:1 Foreign Exempt Xpar",
    "numOfShares": 2775341760,
    "yieldAnnual": 0,
    "incomeStatement": [
      {
        "revenue": 3003800000,
        "netIncome": 178200000,
        "period": "2022A",
        "fPeriodEndDate": 44926,
        "curCode": "EUR"
      },
      {
        "revenue": 2519700000,
        "netIncome": -972000000,
        "period": "2021A",
        "fPeriodEndDate": 44561,
        "curCode": "EUR"
      },
      {
        "revenue": 2646100000,
        "netIncome": -7212600000,
        "period": "2020A",
        "fPeriodEndDate": 44196,
        "curCode": "EUR"
      },
      {
        "revenue": 3380900000,
        "netIncome": 1103300000,
        "period": "2019A",
        "fPeriodEndDate": 43830,
        "curCode": "EUR"
      }
    ]
  },
  {
    "symbol": "URF",
    "displayName": "US MASTERS RESIDENTIAL PROPERTY FUND",
    "industry": "Equity Real Estate Investment Trusts (REITs)",
    "dateListed": "2012-07-23",
    "marketCap": 240999818,
    "xid": "48279033",
    "priceChangeFiveDayPercent": 1.5873015873015888,
    "isRecentListing": false,
    "priceAsk": 0.32,
    "priceBid": 0.31,
    "priceChange": 0,
    "priceChangePercent": 0,
    "priceLast": 0.32,
    "sector": "Real Estate",
    "industryGroup": "Equity Real Estate Investment Trusts (REITs)",
    "securityType": 6,
    "volume": 1543948,
    "statusCode": "",
    "isin": "AU000000URF4",
    "priceClose": 0.32,
    "priceDayHigh": 0.32,
    "priceDayLow": 0.3125,
    "priceFiftyTwoWeekHigh": 0.36,
    "priceFiftyTwoWeekLow": 0.185,
    "volumeAverage": 1672965.326087,
    "dateExDate": "2019-06-27",
    "datePayDate": "2019-08-23",
    "dateRecordDate": "2019-06-28",
    "dividend": 0.01,
    "dividendType": "I",
    "frankingPercent": 0,
    "cashFlow": -14.13756,
    "earningsPerShare": -0.01362,
    "freeCashFlowYield": -0.0000100000010000001,
    "priceEarningsRatio": -99999.99,
    "priceToCash": -99999.99,
    "foreignExempt": false,
    "shareDescription": "Ordinary Units Fully Paid",
    "numOfShares": 753124430,
    "yieldAnnual": 0,
    "incomeStatement": [
      {
        "revenue": 44829140,
        "netIncome": 6910070,
        "period": "2022A",
        "fPeriodEndDate": 44926,
        "curCode": "AUD"
      },
      {
        "revenue": 39400760,
        "netIncome": 21140020,
        "period": "2021A",
        "fPeriodEndDate": 44561,
        "curCode": "AUD"
      },
      {
        "revenue": 45872680,
        "netIncome": -95519720,
        "period": "2020A",
        "fPeriodEndDate": 44196,
        "curCode": "AUD"
      },
      {
        "revenue": 50685290,
        "netIncome": -154512950,
        "period": "2019A",
        "fPeriodEndDate": 43830,
        "curCode": "AUD"
      }
    ]
  },
  {
    "symbol": "USQ",
    "displayName": "US STUDENT HOUSING REIT",
    "industry": "Equity Real Estate Investment Trusts (REITs)",
    "dateListed": "2022-03-08",
    "marketCap": 56096630,
    "xid": "696657316",
    "priceChangeFiveDayPercent": -12.663755458515285,
    "isRecentListing": false,
    "priceAsk": 1.1500000000000001,
    "priceBid": 1,
    "priceChange": -0.010000000000000009,
    "priceChangePercent": -0.990099009900991,
    "priceLast": 1,
    "sector": "Real Estate",
    "industryGroup": "Equity Real Estate Investment Trusts (REITs)",
    "securityType": 6,
    "volume": 129303,
    "statusCode": "",
    "isin": "AU0000199911",
    "priceClose": 1.01,
    "priceDayHigh": 1.04,
    "priceDayLow": 0.99,
    "priceFiftyTwoWeekHigh": 1.36,
    "priceFiftyTwoWeekLow": 0.95,
    "volumeAverage": 29089.454545,
    "dateExDate": "2023-02-21",
    "datePayDate": "2023-02-28",
    "dateRecordDate": "2023-02-22",
    "dividend": 0.016,
    "dividendType": "I",
    "frankingPercent": 0,
    "cashFlow": -3.28976,
    "earningsPerShare": 0.26583,
    "freeCashFlowYield": -0.0000100000010000001,
    "priceEarningsRatio": 3.79948,
    "priceToCash": -99999.99,
    "foreignExempt": false,
    "shareDescription": "Ordinary Units Fully Paid",
    "numOfShares": 55541218,
    "yieldAnnual": 0,
    "incomeStatement": [
      {
        "revenue": 595000,
        "netIncome": 3075000,
        "period": "2022A",
        "fPeriodEndDate": 44742,
        "curCode": "USD"
      },
      {
        "revenue": 0,
        "netIncome": 115000,
        "period": "2021A",
        "fPeriodEndDate": 44377,
        "curCode": "USD"
      }
    ]
  },
  {
    "symbol": "VCX",
    "displayName": "VICINITY CENTRES",
    "industry": "Equity Real Estate Investment Trusts (REITs)",
    "dateListed": "2011-12-05",
    "marketCap": 9150073470,
    "xid": "40340790",
    "priceChangeFiveDayPercent": -3.4482758620689578,
    "isRecentListing": false,
    "priceAsk": 1.97,
    "priceBid": 1.95,
    "priceChange": -0.050000000000000266,
    "priceChangePercent": -2.4875621890547395,
    "priceLast": 1.96,
    "sector": "Real Estate",
    "industryGroup": "Equity Real Estate Investment Trusts (REITs)",
    "securityType": 6,
    "volume": 8937349,
    "statusCode": "",
    "isin": "AU000000VCX7",
    "priceClose": 2.0100000000000002,
    "priceDayHigh": 1.985,
    "priceDayLow": 1.955,
    "priceFiftyTwoWeekHigh": 2.15,
    "priceFiftyTwoWeekLow": 1.6425,
    "volumeAverage": 9747396.717391,
    "dateExDate": "2023-02-20",
    "datePayDate": "2023-03-07",
    "dateRecordDate": "2023-02-21",
    "dividend": 0.0575,
    "dividendType": "I",
    "frankingPercent": 0,
    "cashFlow": 207,
    "earningsPerShare": 0.16248,
    "freeCashFlowYield": 0.08158403563590677,
    "priceEarningsRatio": 12.37075,
    "priceToCash": 12.2573,
    "foreignExempt": false,
    "shareDescription": "Fully Paid Ordinary/units Stapled Securities",
    "numOfShares": 4552275358,
    "yieldAnnual": 5.841836734693878,
    "incomeStatement": [
      {
        "revenue": 1182400000,
        "netIncome": 1215200000,
        "period": "2022A",
        "fPeriodEndDate": 44742,
        "curCode": "AUD"
      },
      {
        "revenue": 1169200000,
        "netIncome": -258000000,
        "period": "2021A",
        "fPeriodEndDate": 44377,
        "curCode": "AUD"
      },
      {
        "revenue": 1216300000,
        "netIncome": -1801000000,
        "period": "2020A",
        "fPeriodEndDate": 44012,
        "curCode": "AUD"
      },
      {
        "revenue": 1286500000,
        "netIncome": 346100000,
        "period": "2019A",
        "fPeriodEndDate": 43646,
        "curCode": "AUD"
      }
    ]
  },
  {
    "symbol": "WPR",
    "displayName": "WAYPOINT REIT",
    "industry": "Equity Real Estate Investment Trusts (REITs)",
    "dateListed": "2016-08-03",
    "marketCap": 1686259533,
    "xid": "358093196",
    "priceChangeFiveDayPercent": -3.891050583657574,
    "isRecentListing": false,
    "priceAsk": 2.52,
    "priceBid": 2.47,
    "priceChange": -0.040000000000000036,
    "priceChangePercent": -1.5936254980079694,
    "priceLast": 2.47,
    "sector": "Real Estate",
    "industryGroup": "Equity Real Estate Investment Trusts (REITs)",
    "securityType": 6,
    "volume": 1343692,
    "statusCode": "",
    "isin": "AU0000088064",
    "priceClose": 2.5100000000000002,
    "priceDayHigh": 2.52,
    "priceDayLow": 2.45,
    "priceFiftyTwoWeekHigh": 2.89,
    "priceFiftyTwoWeekLow": 2.15,
    "volumeAverage": 1706685.902174,
    "dateExDate": "2022-12-29",
    "datePayDate": "2023-02-27",
    "dateRecordDate": "2022-12-30",
    "dividend": 0.0403,
    "dividendType": "F",
    "frankingPercent": 0,
    "cashFlow": -3.1,
    "earningsPerShare": 0.18424,
    "freeCashFlowYield": -0.0000100000010000001,
    "priceEarningsRatio": 13.62353,
    "priceToCash": -99999.99,
    "foreignExempt": false,
    "shareDescription": "Fully Paid Ordinary/units Stapled Securities",
    "numOfShares": 671816547,
    "yieldAnnual": 5.34412955465587,
    "incomeStatement": [
      {
        "revenue": 168600000,
        "netIncome": 133800000,
        "period": "2022A",
        "fPeriodEndDate": 44926,
        "curCode": "AUD"
      },
      {
        "revenue": 178400000,
        "netIncome": 443600000,
        "period": "2021A",
        "fPeriodEndDate": 44561,
        "curCode": "AUD"
      },
      {
        "revenue": 181800000,
        "netIncome": 279900000,
        "period": "2020A",
        "fPeriodEndDate": 44196,
        "curCode": "AUD"
      },
      {
        "revenue": 173273000,
        "netIncome": 197634000,
        "period": "2019A",
        "fPeriodEndDate": 43830,
        "curCode": "AUD"
      }
    ]
  },
  {
    "symbol": "WOT",
    "displayName": "WOTSO PROPERTY",
    "industry": "Equity Real Estate Investment Trusts (REITs)",
    "dateListed": "2011-10-28",
    "marketCap": 215635584,
    "xid": "39358612",
    "priceChangeFiveDayPercent": 5.600000000000005,
    "isRecentListing": false,
    "priceAsk": 1.285,
    "priceBid": 1.245,
    "priceChange": 0,
    "priceChangePercent": 0,
    "priceLast": 1.32,
    "sector": "Real Estate",
    "industryGroup": "Equity Real Estate Investment Trusts (REITs)",
    "securityType": 6,
    "volume": 0,
    "statusCode": "",
    "isin": "AU0000136863",
    "priceClose": 1.32,
    "priceFiftyTwoWeekHigh": 1.445,
    "priceFiftyTwoWeekLow": 1.2,
    "volumeAverage": 10445.315789,
    "dateExDate": "2023-02-16",
    "datePayDate": "2023-03-14",
    "dateRecordDate": "2023-02-17",
    "dividend": 0.03,
    "dividendType": "I",
    "frankingPercent": 0,
    "cashFlow": 11.902,
    "earningsPerShare": 0.20698,
    "freeCashFlowYield": 0.24062813568539318,
    "priceEarningsRatio": 6.37743,
    "priceToCash": 4.15579,
    "foreignExempt": false,
    "shareDescription": "Fully Paid Ordinary/units Stapled Securities",
    "numOfShares": 163360291,
    "yieldAnnual": 4.545454545454546,
    "incomeStatement": [
      {
        "revenue": 39918000,
        "netIncome": 30569000,
        "period": "2022A",
        "fPeriodEndDate": 44742,
        "curCode": "AUD"
      },
      {
        "revenue": 30269000,
        "netIncome": 5727000,
        "period": "2021A",
        "fPeriodEndDate": 44377,
        "curCode": "AUD"
      },
      {
        "revenue": 24668000,
        "netIncome": 7397000,
        "period": "2020A",
        "fPeriodEndDate": 44012,
        "curCode": "AUD"
      },
      {
        "revenue": 25518000,
        "netIncome": 4393000,
        "period": "2019A",
        "fPeriodEndDate": 43646,
        "curCode": "AUD"
      }
    ]
  }
]