[
  {
    "symbol": "TOT",
    "displayName": "360 CAPITAL REIT",
    "industry": "Diversified Financials",
    "dateListed": "2015-04-22",
    "marketCap": 111933064,
    "xid": "86360650",
    "priceChangeFiveDayPercent": -4.878048780487796,
    "isRecentListing": false,
    "priceAsk": 0.78,
    "priceBid": 0.765,
    "priceChange": -0.010000000000000009,
    "priceChangePercent": -1.2658227848101276,
    "priceLast": 0.78,
    "sector": "Financials",
    "industryGroup": "Diversified Financials",
    "securityType": 6,
    "volume": 28356,
    "statusCode": "XD",
    "isin": "AU000000TOT4",
    "priceClose": 0.79,
    "priceDayHigh": 0.8,
    "priceDayLow": 0.78,
    "priceFiftyTwoWeekHigh": 1,
    "priceFiftyTwoWeekLow": 0.77,
    "volumeAverage": 118066.150538,
    "dateExDate": "2022-09-29",
    "datePayDate": "2022-10-27",
    "dateRecordDate": "2022-09-30",
    "dividend": 0.015,
    "dividendType": "I",
    "frankingPercent": 0,
    "cashFlow": -0.432,
    "earningsPerShare": 0.24062,
    "freeCashFlowYield": -0.0000100000010000001,
    "priceEarningsRatio": 3.32474,
    "priceToCash": -99999.99,
    "foreignExempt": false,
    "shareDescription": "Fully Paid Units Stapled Securities",
    "numOfShares": 141687423,
    "yieldAnnual": 7.59493670886076,
    "incomeStatement": [
      {
        "revenue": 11451000,
        "netIncome": 33725000,
        "period": "2022A",
        "fPeriodEndDate": 44742,
        "curCode": "AUD"
      },
      {
        "revenue": 15892000,
        "netIncome": 9235000,
        "period": "2021A",
        "fPeriodEndDate": 44377,
        "curCode": "AUD"
      },
      {
        "revenue": 14982000,
        "netIncome": 10429000,
        "period": "2020A",
        "fPeriodEndDate": 44012,
        "curCode": "AUD"
      },
      {
        "revenue": 8695000,
        "netIncome": 7591000,
        "period": "2019A",
        "fPeriodEndDate": 43646,
        "curCode": "AUD"
      }
    ]
  },
  {
    "symbol": "8IH",
    "displayName": "8I HOLDINGS LTD",
    "industry": "Diversified Financials",
    "dateListed": "2014-12-17",
    "marketCap": 23228139,
    "xid": "80536669",
    "priceChangeFiveDayPercent": -8.219178082191771,
    "isRecentListing": false,
    "priceAsk": 0.07200000000000001,
    "priceBid": 0.06,
    "priceChange": 0.0020000000000000018,
    "priceChangePercent": 3.0769230769230798,
    "priceLast": 0.067,
    "sector": "Financials",
    "industryGroup": "Diversified Financials",
    "securityType": 1,
    "volume": 10000,
    "statusCode": "",
    "isin": "AU0000008IH1",
    "priceClose": 0.065,
    "priceDayHigh": 0.067,
    "priceDayLow": 0.067,
    "priceFiftyTwoWeekHigh": 0.31,
    "priceFiftyTwoWeekLow": 0.065,
    "volumeAverage": 19504.255814,
    "dateExDate": "2017-08-11",
    "datePayDate": "2017-09-01",
    "dateRecordDate": "2017-08-14",
    "dividend": 0.0023,
    "dividendType": "F",
    "frankingPercent": 0,
    "cashFlow": -4.71538,
    "earningsPerShare": -0.0125,
    "freeCashFlowYield": -0.0000100000010000001,
    "priceEarningsRatio": -99999.99,
    "priceToCash": -99999.99,
    "foreignExempt": false,
    "shareDescription": "Chess Depositary Interests 1:1",
    "numOfShares": 357355990,
    "yieldAnnual": 0,
    "incomeStatement": [
      {
        "revenue": 24026910,
        "netIncome": -4163180,
        "period": "2022A",
        "fPeriodEndDate": 44651,
        "curCode": "SGD"
      },
      {
        "revenue": 32530300,
        "netIncome": 7946620,
        "period": "2021A",
        "fPeriodEndDate": 44286,
        "curCode": "SGD"
      },
      {
        "revenue": 9341010,
        "netIncome": -3679180,
        "period": "2020A",
        "fPeriodEndDate": 43921,
        "curCode": "SGD"
      },
      {
        "revenue": 18489690,
        "netIncome": -9849440,
        "period": "2019A",
        "fPeriodEndDate": 43555,
        "curCode": "SGD"
      }
    ]
  },
  {
    "symbol": "AYI",
    "displayName": "A1 INVESTMENTS & RESOURCES LTD",
    "industry": "Diversified Financials",
    "dateListed": "2007-10-02",
    "marketCap": 16421946,
    "xid": "633104981",
    "priceChangeFiveDayPercent": 0,
    "isRecentListing": false,
    "priceAsk": 0.001,
    "priceChange": 0,
    "priceChangePercent": 0,
    "priceLast": 0.001,
    "sector": "Financials",
    "industryGroup": "Diversified Financials",
    "securityType": 1,
    "volume": 20000,
    "statusCode": "",
    "isin": "AU000000AYI6",
    "priceClose": 0.001,
    "priceDayHigh": 0.001,
    "priceDayLow": 0.001,
    "priceFiftyTwoWeekHigh": 0.002,
    "priceFiftyTwoWeekLow": 0.001,
    "volumeAverage": 247308,
    "cashFlow": -1.05106,
    "earningsPerShare": -0.00006,
    "freeCashFlowYield": -0.0000100000010000001,
    "priceEarningsRatio": -99999.99,
    "priceToCash": -99999.99,
    "foreignExempt": false,
    "shareDescription": "Ordinary Fully Paid",
    "numOfShares": 16421946420,
    "yieldAnnual": 0,
    "incomeStatement": [
      {
        "revenue": 108170,
        "netIncome": -1003920,
        "period": "2022A",
        "fPeriodEndDate": 44742,
        "curCode": "AUD"
      },
      {
        "revenue": 296680,
        "netIncome": -1505100,
        "period": "2021A",
        "fPeriodEndDate": 44377,
        "curCode": "AUD"
      },
      {
        "revenue": 435490,
        "netIncome": -1143320,
        "period": "2020A",
        "fPeriodEndDate": 44012,
        "curCode": "AUD"
      },
      {
        "revenue": 269110,
        "netIncome": -2575680,
        "period": "2019A",
        "fPeriodEndDate": 43646,
        "curCode": "AUD"
      }
    ]
  },
  {
    "symbol": "ASW",
    "displayName": "ADVANCED SHARE REGISTRY LIMITED",
    "industry": "Diversified Financials",
    "dateListed": "2008-06-10",
    "marketCap": 40615633,
    "xid": "11848740",
    "priceChangeFiveDayPercent": 7.692307692307685,
    "isRecentListing": false,
    "priceAsk": 0.215,
    "priceBid": 0.185,
    "priceChange": 0,
    "priceChangePercent": 0,
    "priceLast": 0.21,
    "sector": "Financials",
    "industryGroup": "Diversified Financials",
    "securityType": 1,
    "volume": 0,
    "statusCode": "RE",
    "isin": "AU000000ASW9",
    "priceClose": 0.21,
    "priceFiftyTwoWeekHigh": 0.38,
    "priceFiftyTwoWeekLow": 0.19,
    "volumeAverage": 25411.413793,
    "dateExDate": "2022-08-16",
    "datePayDate": "2022-08-19",
    "dateRecordDate": "2022-08-17",
    "dividend": 0.005,
    "dividendType": "F",
    "frankingPercent": 100,
    "cashFlow": -0.79,
    "earningsPerShare": 0.00909,
    "freeCashFlowYield": 0.0556500679209079,
    "priceEarningsRatio": 20.90209,
    "priceToCash": 17.96943,
    "foreignExempt": false,
    "shareDescription": "Ordinary Fully Paid",
    "numOfShares": 193407776,
    "yieldAnnual": 4.761904761904762,
    "incomeStatement": [
      {
        "revenue": 5789000,
        "netIncome": 1759000,
        "period": "2022A",
        "fPeriodEndDate": 44742,
        "curCode": "AUD"
      },
      {
        "revenue": 7112860,
        "netIncome": 2567040,
        "period": "2021A",
        "fPeriodEndDate": 44377,
        "curCode": "AUD"
      },
      {
        "revenue": 5765420,
        "netIncome": 1523390,
        "period": "2020A",
        "fPeriodEndDate": 44012,
        "curCode": "AUD"
      },
      {
        "revenue": 5428900,
        "netIncome": 1485550,
        "period": "2019A",
        "fPeriodEndDate": 43646,
        "curCode": "AUD"
      }
    ]
  },
  {
    "symbol": "AMP",
    "displayName": "AMP LIMITED",
    "industry": "Diversified Financials",
    "dateListed": "1998-06-15",
    "marketCap": 3592716438,
    "xid": "44817",
    "priceChangeFiveDayPercent": -4.310344827586192,
    "isRecentListing": false,
    "priceAsk": 1.12,
    "priceBid": 1.105,
    "priceChange": 0.010000000000000009,
    "priceChangePercent": 0.9090909090909098,
    "priceLast": 1.11,
    "sector": "Financials",
    "industryGroup": "Diversified Financials",
    "securityType": 1,
    "volume": 12794733,
    "statusCode": "",
    "isin": "AU000000AMP6",
    "priceClose": 1.1,
    "priceDayHigh": 1.1300000000000001,
    "priceDayLow": 1.1025,
    "priceFiftyTwoWeekHigh": 1.22,
    "priceFiftyTwoWeekLow": 0.855,
    "volumeAverage": 11912322.451613,
    "dateExDate": "2020-09-18",
    "datePayDate": "2020-10-01",
    "dateRecordDate": "2020-09-21",
    "dividend": 0.1,
    "dividendType": "I",
    "frankingPercent": 100,
    "cashFlow": 3362,
    "earningsPerShare": -0.09169,
    "freeCashFlowYield": -0.0000100000010000001,
    "priceEarningsRatio": -99999.99,
    "priceToCash": -99999.99,
    "foreignExempt": false,
    "shareDescription": "Ordinary Fully Paid",
    "numOfShares": 3266105853,
    "yieldAnnual": 0,
    "incomeStatement": [
      {
        "revenue": 3081000000,
        "netIncome": -252000000,
        "period": "2021A",
        "fPeriodEndDate": 44561,
        "curCode": "AUD"
      },
      {
        "revenue": 3346000000,
        "netIncome": 177000000,
        "period": "2020A",
        "fPeriodEndDate": 44196,
        "curCode": "AUD"
      },
      {
        "revenue": 3950000000,
        "netIncome": -2467000000,
        "period": "2019A",
        "fPeriodEndDate": 43830,
        "curCode": "AUD"
      },
      {
        "revenue": 8244000000,
        "netIncome": 28000000,
        "period": "2018A",
        "fPeriodEndDate": 43465,
        "curCode": "AUD"
      }
    ]
  },
  {
    "symbol": "ARC",
    "displayName": "ARC FUNDS LIMITED",
    "industry": "Diversified Financials",
    "dateListed": "2000-04-14",
    "marketCap": 10827487,
    "xid": "80670972",
    "priceChangeFiveDayPercent": 1.3513513513513526,
    "isRecentListing": false,
    "priceAsk": 0.375,
    "priceBid": 0.37,
    "priceChange": 0.015000000000000013,
    "priceChangePercent": 4.1666666666666705,
    "priceLast": 0.375,
    "sector": "Financials",
    "industryGroup": "Diversified Financials",
    "securityType": 1,
    "volume": 12004,
    "statusCode": "",
    "isin": "AU000000ARC3",
    "priceClose": 0.36,
    "priceDayHigh": 0.375,
    "priceDayLow": 0.37,
    "priceFiftyTwoWeekHigh": 0.765,
    "priceFiftyTwoWeekLow": 0.34,
    "volumeAverage": 11554.723404,
    "cashFlow": -0.54241,
    "earningsPerShare": -0.0204,
    "freeCashFlowYield": -0.0000100000010000001,
    "priceEarningsRatio": -99999.99,
    "priceToCash": -99999.99,
    "foreignExempt": false,
    "shareDescription": "Ordinary Fully Paid",
    "numOfShares": 30076352,
    "yieldAnnual": 0,
    "incomeStatement": [
      {
        "revenue": 4920,
        "netIncome": -612430,
        "period": "2022A",
        "fPeriodEndDate": 44742,
        "curCode": "AUD"
      },
      {
        "revenue": -176910,
        "netIncome": -577490,
        "period": "2021A",
        "fPeriodEndDate": 44377,
        "curCode": "AUD"
      },
      {
        "revenue": -606110,
        "netIncome": -1148710,
        "period": "2020A",
        "fPeriodEndDate": 44012,
        "curCode": "AUD"
      },
      {
        "revenue": -2032890,
        "netIncome": -2478950,
        "period": "2019A",
        "fPeriodEndDate": 43646,
        "curCode": "AUD"
      }
    ]
  },
  {
    "symbol": "AFA",
    "displayName": "ASF GROUP LIMITED",
    "industry": "Diversified Financials",
    "dateListed": "1985-05-29",
    "marketCap": 40421262,
    "xid": "82542",
    "priceChangeFiveDayPercent": 0,
    "isRecentListing": false,
    "priceAsk": 0.065,
    "priceBid": 0.04,
    "priceChange": 0,
    "priceChangePercent": 0,
    "priceLast": 0.051000000000000004,
    "sector": "Financials",
    "industryGroup": "Diversified Financials",
    "securityType": 1,
    "volume": 0,
    "statusCode": "",
    "isin": "AU000000AFA2",
    "priceClose": 0.051000000000000004,
    "priceFiftyTwoWeekHigh": 0.06,
    "priceFiftyTwoWeekLow": 0.035,
    "volumeAverage": 12609.647059,
    "cashFlow": -1.447,
    "earningsPerShare": -0.00512,
    "freeCashFlowYield": -0.0000100000010000001,
    "priceEarningsRatio": -99999.99,
    "priceToCash": -99999.99,
    "foreignExempt": false,
    "shareDescription": "Ordinary Fully Paid",
    "numOfShares": 792573774,
    "yieldAnnual": 0,
    "incomeStatement": [
      {
        "revenue": 2200000,
        "netIncome": -4062000,
        "period": "2022A",
        "fPeriodEndDate": 44742,
        "curCode": "AUD"
      },
      {
        "revenue": 1529000,
        "netIncome": -3233000,
        "period": "2021A",
        "fPeriodEndDate": 44377,
        "curCode": "AUD"
      },
      {
        "revenue": 4338000,
        "netIncome": -5946000,
        "period": "2020A",
        "fPeriodEndDate": 44012,
        "curCode": "AUD"
      },
      {
        "revenue": 1472000,
        "netIncome": -2963000,
        "period": "2019A",
        "fPeriodEndDate": 43646,
        "curCode": "AUD"
      }
    ]
  },
  {
    "symbol": "ASX",
    "displayName": "ASX LIMITED",
    "industry": "Diversified Financials",
    "dateListed": "1998-10-14",
    "marketCap": 13828502422,
    "xid": "49480",
    "priceChangeFiveDayPercent": 1.597444089456877,
    "isRecentListing": false,
    "priceAsk": 73.60000000000001,
    "priceBid": 72.9,
    "priceChange": 1.7099999999999937,
    "priceChangePercent": 2.393952120957572,
    "priceLast": 73.14,
    "sector": "Financials",
    "industryGroup": "Diversified Financials",
    "securityType": 1,
    "volume": 651673,
    "statusCode": "",
    "isin": "AU000000ASX7",
    "priceClose": 71.43,
    "priceDayHigh": 73.60000000000001,
    "priceDayLow": 71.43,
    "priceFiftyTwoWeekHigh": 95.83,
    "priceFiftyTwoWeekLow": 70.28,
    "volumeAverage": 451842.376344,
    "dateExDate": "2022-09-08",
    "datePayDate": "2022-09-28",
    "dateRecordDate": "2022-09-09",
    "dividend": 1.2,
    "dividendType": "F",
    "frankingPercent": 100,
    "cashFlow": -343,
    "earningsPerShare": 2.62678,
    "freeCashFlowYield": 0.040380252764230205,
    "priceEarningsRatio": 27.31481,
    "priceToCash": 24.76458,
    "foreignExempt": false,
    "shareDescription": "Ordinary Fully Paid",
    "numOfShares": 193595162,
    "yieldAnnual": 3.309533809323814,
    "incomeStatement": [
      {
        "revenue": 1096700000,
        "netIncome": 508500000,
        "period": "2022A",
        "fPeriodEndDate": 44742,
        "curCode": "AUD"
      },
      {
        "revenue": 1023000000,
        "netIncome": 480900000,
        "period": "2021A",
        "fPeriodEndDate": 44377,
        "curCode": "AUD"
      },
      {
        "revenue": 1100300000,
        "netIncome": 498600000,
        "period": "2020A",
        "fPeriodEndDate": 44012,
        "curCode": "AUD"
      },
      {
        "revenue": 1094500000,
        "netIncome": 492000000,
        "period": "2019A",
        "fPeriodEndDate": 43646,
        "curCode": "AUD"
      }
    ]
  },
  {
    "symbol": "AVC",
    "displayName": "AUCTUS INVESTMENT GROUP LIMITED",
    "industry": "Diversified Financials",
    "dateListed": "2011-08-10",
    "marketCap": 79042966,
    "xid": "35760375",
    "priceChangeFiveDayPercent": -1.9047619047619064,
    "isRecentListing": false,
    "priceAsk": 1.035,
    "priceChange": 0.010000000000000009,
    "priceChangePercent": 0.980392156862746,
    "priceLast": 1.03,
    "sector": "Financials",
    "industryGroup": "Diversified Financials",
    "securityType": 1,
    "volume": 59039,
    "statusCode": "",
    "isin": "AU0000005274",
    "priceClose": 1.02,
    "priceDayHigh": 1.03,
    "priceDayLow": 1.02,
    "priceFiftyTwoWeekHigh": 1.33,
    "priceFiftyTwoWeekLow": 0.865,
    "volumeAverage": 45083.477612,
    "cashFlow": 3.713,
    "earningsPerShare": -0.02852,
    "freeCashFlowYield": -0.0000100000010000001,
    "priceEarningsRatio": -99999.99,
    "priceToCash": -99999.99,
    "foreignExempt": false,
    "shareDescription": "Ordinary Fully Paid",
    "numOfShares": 77493104,
    "yieldAnnual": 0,
    "incomeStatement": [
      {
        "revenue": 11880000,
        "netIncome": -2091000,
        "period": "2022A",
        "fPeriodEndDate": 44742,
        "curCode": "AUD"
      },
      {
        "revenue": 8535620,
        "netIncome": 1785590,
        "period": "2021A",
        "fPeriodEndDate": 44377,
        "curCode": "AUD"
      },
      {
        "revenue": 3023490,
        "netIncome": -2963800,
        "period": "2020A",
        "fPeriodEndDate": 44012,
        "curCode": "AUD"
      },
      {
        "revenue": 410590,
        "netIncome": 972360,
        "period": "2019A",
        "fPeriodEndDate": 43646,
        "curCode": "AUD"
      }
    ]
  },
  {
    "symbol": "ABE",
    "displayName": "AUSTRALIAN BOND EXCHANGE HOLDINGS LIMITED",
    "industry": "Diversified Financials",
    "dateListed": "2021-12-06",
    "marketCap": 37329032,
    "xid": "689403449",
    "priceChangeFiveDayPercent": -3.3333333333333366,
    "isRecentListing": false,
    "priceAsk": 0.325,
    "priceBid": 0.265,
    "priceChange": -0.03500000000000003,
    "priceChangePercent": -10.769230769230779,
    "priceLast": 0.29,
    "sector": "Financials",
    "industryGroup": "Diversified Financials",
    "securityType": 1,
    "volume": 25352,
    "statusCode": "",
    "isin": "AU0000187577",
    "priceClose": 0.325,
    "priceDayHigh": 0.3,
    "priceDayLow": 0.28500000000000003,
    "priceFiftyTwoWeekHigh": 0.76,
    "priceFiftyTwoWeekLow": 0.2,
    "volumeAverage": 17804.816327,
    "cashFlow": -99999.99,
    "earningsPerShare": -99999.99,
    "freeCashFlowYield": -0.0000100000010000001,
    "priceEarningsRatio": -99999.99,
    "priceToCash": -99999.99,
    "foreignExempt": false,
    "shareDescription": "Ordinary Fully Paid",
    "numOfShares": 114858561,
    "yieldAnnual": 0,
    "incomeStatement": [
      {
        "revenue": 2029720,
        "netIncome": -3642760,
        "period": "2022A",
        "fPeriodEndDate": 44742,
        "curCode": "AUD"
      },
      {
        "revenue": 4031340,
        "netIncome": -345580,
        "period": "2021A",
        "fPeriodEndDate": 44377,
        "curCode": "AUD"
      },
      {
        "revenue": 2137200,
        "netIncome": -864140,
        "period": "2020A",
        "fPeriodEndDate": 44012,
        "curCode": "AUD"
      },
      {
        "revenue": 1291680,
        "netIncome": -3590170,
        "period": "2019A",
        "fPeriodEndDate": 43646,
        "curCode": "AUD"
      }
    ]
  },
  {
    "symbol": "AEF",
    "displayName": "AUSTRALIAN ETHICAL INVESTMENT LIMITED",
    "industry": "Diversified Financials",
    "dateListed": "2002-12-17",
    "marketCap": 579917632,
    "xid": "508120065",
    "priceChangeFiveDayPercent": -5.350553505535056,
    "isRecentListing": false,
    "priceAsk": 5.25,
    "priceBid": 5.1000000000000005,
    "priceChange": -0.03000000000000025,
    "priceChangePercent": -0.5813953488372141,
    "priceLast": 5.13,
    "sector": "Financials",
    "industryGroup": "Diversified Financials",
    "securityType": 1,
    "volume": 165408,
    "statusCode": "",
    "isin": "AU000000AEF4",
    "priceClose": 5.16,
    "priceDayHigh": 5.39,
    "priceDayLow": 5.13,
    "priceFiftyTwoWeekHigh": 15.08,
    "priceFiftyTwoWeekLow": 4.34,
    "volumeAverage": 153704.666667,
    "dateExDate": "2022-08-31",
    "datePayDate": "2022-09-15",
    "dateRecordDate": "2022-09-01",
    "dividend": 0.03,
    "dividendType": "F",
    "frankingPercent": 100,
    "cashFlow": 6.407,
    "earningsPerShare": 0.08469,
    "freeCashFlowYield": 0.019032686545546455,
    "priceEarningsRatio": 60.81001,
    "priceToCash": 52.54119,
    "foreignExempt": false,
    "shareDescription": "Ordinary Fully Paid",
    "numOfShares": 112387138,
    "yieldAnnual": 1.1627906976744187,
    "incomeStatement": [
      {
        "revenue": 70784000,
        "netIncome": 9511000,
        "period": "2022A",
        "fPeriodEndDate": 44742,
        "curCode": "AUD"
      },
      {
        "revenue": 58711000,
        "netIncome": 11118000,
        "period": "2021A",
        "fPeriodEndDate": 44377,
        "curCode": "AUD"
      },
      {
        "revenue": 49902000,
        "netIncome": 9457000,
        "period": "2020A",
        "fPeriodEndDate": 44012,
        "curCode": "AUD"
      },
      {
        "revenue": 40977000,
        "netIncome": 6614000,
        "period": "2019A",
        "fPeriodEndDate": 43646,
        "curCode": "AUD"
      }
    ]
  },
  {
    "symbol": "BTI",
    "displayName": "BAILADOR TECHNOLOGY INVESTMENTS LIMITED",
    "industry": "Diversified Financials",
    "dateListed": "2014-11-21",
    "marketCap": 187749865,
    "xid": "80536682",
    "priceChangeFiveDayPercent": -6.181818181818179,
    "isRecentListing": false,
    "priceAsk": 1.325,
    "priceBid": 1.29,
    "priceChange": -0.014999999999999902,
    "priceChangePercent": -1.1494252873563144,
    "priceLast": 1.29,
    "sector": "Financials",
    "industryGroup": "Diversified Financials",
    "securityType": 1,
    "volume": 145268,
    "statusCode": "",
    "isin": "AU000000BTI4",
    "priceClose": 1.305,
    "priceDayHigh": 1.315,
    "priceDayLow": 1.2750000000000001,
    "priceFiftyTwoWeekHigh": 1.875,
    "priceFiftyTwoWeekLow": 1.135,
    "volumeAverage": 136201.860215,
    "dateExDate": "2022-09-01",
    "datePayDate": "2022-09-16",
    "dateRecordDate": "2022-09-02",
    "dividend": 0.074,
    "dividendType": "F",
    "frankingPercent": 100,
    "cashFlow": -14.423,
    "earningsPerShare": 0.24131,
    "freeCashFlowYield": -0.0000100000010000001,
    "priceEarningsRatio": 5.34582,
    "priceToCash": -99999.99,
    "foreignExempt": false,
    "shareDescription": "Ordinary Fully Paid",
    "numOfShares": 143869628,
    "yieldAnnual": 5.670498084291188,
    "incomeStatement": [
      {
        "revenue": 70864000,
        "netIncome": 33969000,
        "period": "2022A",
        "fPeriodEndDate": 44742,
        "curCode": "AUD"
      },
      {
        "revenue": 52132000,
        "netIncome": 27580000,
        "period": "2021A",
        "fPeriodEndDate": 44377,
        "curCode": "AUD"
      },
      {
        "revenue": -1625000,
        "netIncome": -4118000,
        "period": "2020A",
        "fPeriodEndDate": 44012,
        "curCode": "AUD"
      },
      {
        "revenue": 32082000,
        "netIncome": 17053000,
        "period": "2019A",
        "fPeriodEndDate": 43646,
        "curCode": "AUD"
      }
    ]
  },
  {
    "symbol": "B4P",
    "displayName": "BEFOREPAY GROUP LIMITED",
    "industry": "Diversified Financials",
    "dateListed": "2022-01-17",
    "marketCap": 20443404,
    "xid": "692161884",
    "priceChangeFiveDayPercent": -7.368421052631573,
    "isRecentListing": false,
    "priceAsk": 0.5,
    "priceBid": 0.44,
    "priceChange": 0,
    "priceChangePercent": 0,
    "priceLast": 0.44,
    "sector": "Financials",
    "industryGroup": "Diversified Financials",
    "securityType": 1,
    "volume": 3202,
    "upcomingEventName": "2022 Annual General Meeting",
    "statusCode": "",
    "isin": "AU0000190803",
    "priceClose": 0.44,
    "priceDayHigh": 0.47000000000000003,
    "priceDayLow": 0.44,
    "priceFiftyTwoWeekHigh": 2.51,
    "priceFiftyTwoWeekLow": 0.215,
    "volumeAverage": 109010.804348,
    "cashFlow": -36.3441,
    "earningsPerShare": -0.82269,
    "freeCashFlowYield": -0.0000100000010000001,
    "priceEarningsRatio": -99999.99,
    "priceToCash": -99999.99,
    "foreignExempt": false,
    "shareDescription": "Ordinary Fully Paid",
    "numOfShares": 46462282,
    "yieldAnnual": 0,
    "incomeStatement": [
      {
        "revenue": 15855350,
        "netIncome": -29139950,
        "period": "2022A",
        "fPeriodEndDate": 44742,
        "curCode": "AUD"
      },
      {
        "revenue": 4582200,
        "netIncome": -18767170,
        "period": "2021A",
        "fPeriodEndDate": 44377,
        "curCode": "AUD"
      },
      {
        "revenue": 443460,
        "netIncome": -649990,
        "period": "2020A",
        "fPeriodEndDate": 44012,
        "curCode": "AUD"
      }
    ]
  },
  {
    "symbol": "BFG",
    "displayName": "BELL FINANCIAL GROUP LIMITED",
    "industry": "Diversified Financials",
    "dateListed": "2007-12-12",
    "marketCap": 343196024,
    "xid": "9258834",
    "priceChangeFiveDayPercent": 4.1666666666666705,
    "isRecentListing": false,
    "priceAsk": 1.02,
    "priceBid": 1,
    "priceChange": -0.07000000000000006,
    "priceChangePercent": -6.542056074766361,
    "priceLast": 1,
    "sector": "Financials",
    "industryGroup": "Diversified Financials",
    "securityType": 1,
    "volume": 77614,
    "statusCode": "",
    "isin": "AU000000BFG7",
    "priceClose": 1.07,
    "priceDayHigh": 1.0050000000000001,
    "priceDayLow": 0.9550000000000001,
    "priceFiftyTwoWeekHigh": 1.91,
    "priceFiftyTwoWeekLow": 0.81,
    "volumeAverage": 129862.698925,
    "dateExDate": "2022-08-25",
    "datePayDate": "2022-09-06",
    "dateRecordDate": "2022-08-26",
    "dividend": 0.025,
    "dividendType": "I",
    "frankingPercent": 100,
    "cashFlow": 129.599,
    "earningsPerShare": 0.115,
    "freeCashFlowYield": 0.15272818354262188,
    "priceEarningsRatio": 8.47826,
    "priceToCash": 6.54758,
    "foreignExempt": false,
    "shareDescription": "Ordinary Fully Paid",
    "numOfShares": 320743948,
    "yieldAnnual": 8.411214953271028,
    "incomeStatement": [
      {
        "revenue": 292146000,
        "netIncome": 44118000,
        "period": "2021A",
        "fPeriodEndDate": 44561,
        "curCode": "AUD"
      },
      {
        "revenue": 299326000,
        "netIncome": 46695000,
        "period": "2020A",
        "fPeriodEndDate": 44196,
        "curCode": "AUD"
      },
      {
        "revenue": 254470000,
        "netIncome": 32443000,
        "period": "2019A",
        "fPeriodEndDate": 43830,
        "curCode": "AUD"
      },
      {
        "revenue": 220016000,
        "netIncome": 24359000,
        "period": "2018A",
        "fPeriodEndDate": 43465,
        "curCode": "AUD"
      }
    ]
  },
  {
    "symbol": "BIR",
    "displayName": "BIR FINANCIAL LIMITED",
    "industry": "Diversified Financials",
    "dateListed": "2006-07-31",
    "marketCap": 13423298,
    "xid": "4905124",
    "priceChangeFiveDayPercent": 3.5714285714285747,
    "isRecentListing": false,
    "priceAsk": 0.058,
    "priceBid": 0.054,
    "priceChange": 0,
    "priceChangePercent": 0,
    "priceLast": 0.058,
    "sector": "Financials",
    "industryGroup": "Diversified Financials",
    "securityType": 1,
    "volume": 4294,
    "statusCode": "",
    "isin": "AU000000BIR8",
    "priceClose": 0.058,
    "priceDayHigh": 0.058,
    "priceDayLow": 0.058,
    "priceFiftyTwoWeekHigh": 0.059,
    "priceFiftyTwoWeekLow": 0.016,
    "volumeAverage": 1325882.520548,
    "cashFlow": -0.52363,
    "earningsPerShare": -0.0311,
    "freeCashFlowYield": -0.0000100000010000001,
    "priceEarningsRatio": -99999.99,
    "priceToCash": -99999.99,
    "foreignExempt": false,
    "shareDescription": "Ordinary Fully Paid",
    "numOfShares": 231436167,
    "yieldAnnual": 0,
    "incomeStatement": [
      {
        "revenue": 2942070,
        "netIncome": -3110760,
        "period": "2022A",
        "fPeriodEndDate": 44742,
        "curCode": "AUD"
      },
      {
        "revenue": 2319360,
        "netIncome": -1199470,
        "period": "2021A",
        "fPeriodEndDate": 44377,
        "curCode": "AUD"
      },
      {
        "revenue": 1308260,
        "netIncome": -5715630,
        "period": "2020A",
        "fPeriodEndDate": 44012,
        "curCode": "AUD"
      },
      {
        "revenue": 851190,
        "netIncome": -2326250,
        "period": "2019A",
        "fPeriodEndDate": 43646,
        "curCode": "AUD"
      }
    ]
  },
  {
    "symbol": "BWF",
    "displayName": "BLACKWALL LIMITED",
    "industry": "Diversified Financials",
    "dateListed": "2011-10-21",
    "marketCap": 41154531,
    "xid": "35839599",
    "priceChangeFiveDayPercent": -2.2556390977443628,
    "isRecentListing": false,
    "priceAsk": 0.705,
    "priceBid": 0.6,
    "priceChange": 0.040000000000000036,
    "priceChangePercent": 6.557377049180334,
    "priceLast": 0.65,
    "sector": "Financials",
    "industryGroup": "Diversified Financials",
    "securityType": 1,
    "volume": 8152,
    "statusCode": "",
    "isin": "AU000000BWF4",
    "priceClose": 0.61,
    "priceDayHigh": 0.65,
    "priceDayLow": 0.605,
    "priceFiftyTwoWeekHigh": 1.045,
    "priceFiftyTwoWeekLow": 0.525,
    "volumeAverage": 19872.077922,
    "dateExDate": "2022-08-24",
    "datePayDate": "2022-09-08",
    "dateRecordDate": "2022-08-25",
    "dividend": 0.024,
    "dividendType": "F",
    "frankingPercent": 100,
    "cashFlow": -2.349,
    "earningsPerShare": 0.02525,
    "freeCashFlowYield": 0.0416845389127255,
    "priceEarningsRatio": 25.74257,
    "priceToCash": 23.98971,
    "foreignExempt": false,
    "shareDescription": "Ordinary Fully Paid",
    "numOfShares": 67466445,
    "yieldAnnual": 8.19672131147541,
    "incomeStatement": [
      {
        "revenue": 5790000,
        "netIncome": 1646000,
        "period": "2022A",
        "fPeriodEndDate": 44742,
        "curCode": "AUD"
      },
      {
        "revenue": 7302000,
        "netIncome": 3029000,
        "period": "2021A",
        "fPeriodEndDate": 44377,
        "curCode": "AUD"
      },
      {
        "revenue": 10383000,
        "netIncome": 4536000,
        "period": "2020A",
        "fPeriodEndDate": 44012,
        "curCode": "AUD"
      },
      {
        "revenue": 10150000,
        "netIncome": 3189000,
        "period": "2019A",
        "fPeriodEndDate": 43646,
        "curCode": "AUD"
      }
    ]
  },
  {
    "symbol": "BTN",
    "displayName": "BUTN LIMITED",
    "industry": "Diversified Financials",
    "dateListed": "2021-07-06",
    "marketCap": 24804650,
    "xid": "662883088",
    "priceChangeFiveDayPercent": 10.714285714285703,
    "isRecentListing": false,
    "priceAsk": 0.145,
    "priceBid": 0.125,
    "priceChange": 0,
    "priceChangePercent": 0,
    "priceLast": 0.155,
    "sector": "Financials",
    "industryGroup": "Diversified Financials",
    "securityType": 1,
    "volume": 0,
    "statusCode": "",
    "isin": "AU0000156317",
    "priceClose": 0.155,
    "priceFiftyTwoWeekHigh": 0.4,
    "priceFiftyTwoWeekLow": 0.1,
    "volumeAverage": 58597.30303,
    "cashFlow": -7.08885,
    "earningsPerShare": -0.05448,
    "freeCashFlowYield": -0.0000100000010000001,
    "priceEarningsRatio": -99999.99,
    "priceToCash": -99999.99,
    "foreignExempt": false,
    "shareDescription": "Ordinary Fully Paid",
    "numOfShares": 160030000,
    "yieldAnnual": 0,
    "incomeStatement": [
      {
        "revenue": 5599090,
        "netIncome": -8663640,
        "period": "2022A",
        "fPeriodEndDate": 44742,
        "curCode": "AUD"
      },
      {
        "revenue": 4782340,
        "netIncome": -5257860,
        "period": "2021A",
        "fPeriodEndDate": 44377,
        "curCode": "AUD"
      },
      {
        "revenue": 4737110,
        "netIncome": -358650,
        "period": "2020A",
        "fPeriodEndDate": 44012,
        "curCode": "AUD"
      },
      {
        "revenue": 0,
        "netIncome": -250,
        "period": "2019A",
        "fPeriodEndDate": 43646,
        "curCode": "AUD"
      }
    ]
  },
  {
    "symbol": "CCV",
    "displayName": "CASH CONVERTERS INTERNATIONAL",
    "industry": "Diversified Financials",
    "dateListed": "1997-02-07",
    "marketCap": 144335353,
    "xid": "71867",
    "priceChangeFiveDayPercent": -4.166666666666659,
    "isRecentListing": false,
    "priceAsk": 0.24,
    "priceBid": 0.23,
    "priceChange": 0,
    "priceChangePercent": 0,
    "priceLast": 0.23,
    "sector": "Financials",
    "industryGroup": "Diversified Financials",
    "securityType": 1,
    "volume": 149677,
    "statusCode": "XD",
    "isin": "AU000000CCV1",
    "priceClose": 0.23,
    "priceDayHigh": 0.24,
    "priceDayLow": 0.23,
    "priceFiftyTwoWeekHigh": 0.3,
    "priceFiftyTwoWeekLow": 0.22,
    "volumeAverage": 203207.304348,
    "dateExDate": "2022-09-21",
    "datePayDate": "2022-10-14",
    "dateRecordDate": "2022-09-23",
    "dividend": 0.01,
    "dividendType": "F",
    "frankingPercent": 100,
    "cashFlow": -6.538,
    "earningsPerShare": 0.01681,
    "freeCashFlowYield": 0.16806468473586114,
    "priceEarningsRatio": 13.97977,
    "priceToCash": 5.95009,
    "foreignExempt": false,
    "shareDescription": "Ordinary Fully Paid",
    "numOfShares": 627545015,
    "yieldAnnual": 8.695652173913043,
    "incomeStatement": [
      {
        "revenue": 245937000,
        "netIncome": 11177000,
        "period": "2022A",
        "fPeriodEndDate": 44742,
        "curCode": "AUD"
      },
      {
        "revenue": 201346000,
        "netIncome": 20704000,
        "period": "2021A",
        "fPeriodEndDate": 44377,
        "curCode": "AUD"
      },
      {
        "revenue": 262021000,
        "netIncome": -10491000,
        "period": "2020A",
        "fPeriodEndDate": 44012,
        "curCode": "AUD"
      },
      {
        "revenue": 281565000,
        "netIncome": -1692000,
        "period": "2019A",
        "fPeriodEndDate": 43646,
        "curCode": "AUD"
      }
    ]
  },
  {
    "symbol": "CAF",
    "displayName": "CENTREPOINT ALLIANCE LIMITED",
    "industry": "Diversified Financials",
    "dateListed": "2002-06-25",
    "marketCap": 42114606,
    "xid": "27731853",
    "priceChangeFiveDayPercent": -5.55555555555556,
    "isRecentListing": false,
    "priceAsk": 0.26,
    "priceBid": 0.24,
    "priceChange": 0.04000000000000001,
    "priceChangePercent": 18.604651162790702,
    "priceLast": 0.255,
    "sector": "Financials",
    "industryGroup": "Diversified Financials",
    "securityType": 1,
    "volume": 168985,
    "statusCode": "XD",
    "isin": "AU000000CAF8",
    "priceClose": 0.215,
    "priceDayHigh": 0.255,
    "priceDayLow": 0.23,
    "priceFiftyTwoWeekHigh": 0.31,
    "priceFiftyTwoWeekLow": 0.205,
    "volumeAverage": 77299.603774,
    "dateExDate": "2022-09-14",
    "datePayDate": "2022-09-29",
    "dateRecordDate": "2022-09-15",
    "dividend": 0.01,
    "dividendType": "F",
    "frankingPercent": 100,
    "cashFlow": 3.026,
    "earningsPerShare": 0.03088,
    "freeCashFlowYield": 0.16350128185004972,
    "priceEarningsRatio": 8.41969,
    "priceToCash": 6.11616,
    "foreignExempt": false,
    "shareDescription": "Ordinary Fully Paid",
    "numOfShares": 195881889,
    "yieldAnnual": 6.976744186046512,
    "incomeStatement": [
      {
        "revenue": 228528000,
        "netIncome": 6492000,
        "period": "2022A",
        "fPeriodEndDate": 44742,
        "curCode": "AUD"
      },
      {
        "revenue": 139182000,
        "netIncome": 1847000,
        "period": "2021A",
        "fPeriodEndDate": 44377,
        "curCode": "AUD"
      },
      {
        "revenue": 130963000,
        "netIncome": -2000000,
        "period": "2020A",
        "fPeriodEndDate": 44012,
        "curCode": "AUD"
      },
      {
        "revenue": 117487000,
        "netIncome": -1576000,
        "period": "2019A",
        "fPeriodEndDate": 43646,
        "curCode": "AUD"
      }
    ]
  },
  {
    "symbol": "CGF",
    "displayName": "CHALLENGER LIMITED",
    "industry": "Diversified Financials",
    "dateListed": "2003-12-23",
    "marketCap": 4082991761,
    "xid": "73885",
    "priceChangeFiveDayPercent": -4,
    "isRecentListing": false,
    "priceAsk": 6.0600000000000005,
    "priceBid": 5.94,
    "priceChange": 0.03000000000000025,
    "priceChangePercent": 0.5025125628140745,
    "priceLast": 6,
    "sector": "Financials",
    "industryGroup": "Diversified Financials",
    "securityType": 1,
    "volume": 1342132,
    "statusCode": "",
    "isin": "AU000000CGF5",
    "priceClose": 5.97,
    "priceDayHigh": 6.045,
    "priceDayLow": 5.97,
    "priceFiftyTwoWeekHigh": 7.725,
    "priceFiftyTwoWeekLow": 5.47,
    "volumeAverage": 1495701.129032,
    "dateExDate": "2022-08-29",
    "datePayDate": "2022-09-21",
    "dateRecordDate": "2022-08-30",
    "dividend": 0.115,
    "dividendType": "F",
    "frankingPercent": 100,
    "cashFlow": 2350.2,
    "earningsPerShare": 0.29757,
    "freeCashFlowYield": 0.0657850591605037,
    "priceEarningsRatio": 19.9953,
    "priceToCash": 15.20102,
    "foreignExempt": false,
    "shareDescription": "Ordinary Fully Paid",
    "numOfShares": 683918218,
    "yieldAnnual": 3.852596314907873,
    "incomeStatement": [
      {
        "revenue": 1807400000,
        "netIncome": 253700000,
        "period": "2022A",
        "fPeriodEndDate": 44742,
        "curCode": "AUD"
      },
      {
        "revenue": 2769800000,
        "netIncome": 592300000,
        "period": "2021A",
        "fPeriodEndDate": 44377,
        "curCode": "AUD"
      },
      {
        "revenue": 1132800000,
        "netIncome": -416000000,
        "period": "2020A",
        "fPeriodEndDate": 44012,
        "curCode": "AUD"
      },
      {
        "revenue": 2372600000,
        "netIncome": 307800000,
        "period": "2019A",
        "fPeriodEndDate": 43646,
        "curCode": "AUD"
      }
    ]
  },
  {
    "symbol": "CVW",
    "displayName": "CLEARVIEW WEALTH LIMITED",
    "industry": "Diversified Financials",
    "dateListed": "2003-12-11",
    "marketCap": 380097223,
    "xid": "202616",
    "priceChangeFiveDayPercent": -3.3333333333333366,
    "isRecentListing": false,
    "priceAsk": 0.58,
    "priceBid": 0.5750000000000001,
    "priceChange": 0.004999999999999893,
    "priceChangePercent": 0.8695652173912857,
    "priceLast": 0.58,
    "sector": "Financials",
    "industryGroup": "Diversified Financials",
    "securityType": 1,
    "volume": 60606,
    "statusCode": "",
    "isin": "AU000000CVW9",
    "priceClose": 0.5750000000000001,
    "priceDayHigh": 0.59,
    "priceDayLow": 0.5750000000000001,
    "priceFiftyTwoWeekHigh": 0.84,
    "priceFiftyTwoWeekLow": 0.56,
    "volumeAverage": 145755.280899,
    "dateExDate": "2022-09-07",
    "datePayDate": "2022-09-23",
    "dateRecordDate": "2022-09-08",
    "dividend": 0.02,
    "dividendType": "F",
    "frankingPercent": 100,
    "cashFlow": 310.496,
    "earningsPerShare": 0.01701,
    "freeCashFlowYield": 0.043906251372070354,
    "priceEarningsRatio": 34.68548,
    "priceToCash": 22.7758,
    "foreignExempt": false,
    "shareDescription": "Ordinary Fully Paid",
    "numOfShares": 661038648,
    "yieldAnnual": 3.4782608695652173,
    "incomeStatement": [
      {
        "revenue": 328044000,
        "netIncome": 21175000,
        "period": "2022A",
        "fPeriodEndDate": 44742,
        "curCode": "AUD"
      },
      {
        "revenue": 288749000,
        "netIncome": 6679000,
        "period": "2021A",
        "fPeriodEndDate": 44377,
        "curCode": "AUD"
      },
      {
        "revenue": 410339000,
        "netIncome": 13081000,
        "period": "2020A",
        "fPeriodEndDate": 44012,
        "curCode": "AUD"
      },
      {
        "revenue": 385755000,
        "netIncome": 3959000,
        "period": "2019A",
        "fPeriodEndDate": 43646,
        "curCode": "AUD"
      }
    ]
  },
  {
    "symbol": "CIW",
    "displayName": "CLIME INVESTMENT MANAGEMENT LTD",
    "industry": "Diversified Financials",
    "dateListed": "2000-12-15",
    "marketCap": 36137540,
    "xid": "181975",
    "priceChangeFiveDayPercent": 0,
    "isRecentListing": false,
    "priceAsk": 0.62,
    "priceBid": 0.48,
    "priceChange": 0,
    "priceChangePercent": 0,
    "priceLast": 0.5,
    "sector": "Financials",
    "industryGroup": "Diversified Financials",
    "securityType": 1,
    "volume": 0,
    "statusCode": "XD",
    "isin": "AU000000CIW6",
    "priceClose": 0.5,
    "priceFiftyTwoWeekHigh": 0.665,
    "priceFiftyTwoWeekLow": 0.47,
    "volumeAverage": 11233.5,
    "dateExDate": "2022-09-28",
    "datePayDate": "2022-10-27",
    "dateRecordDate": "2022-09-29",
    "dividend": 0.004,
    "dividendType": "F",
    "frankingPercent": 100,
    "cashFlow": -1.2003,
    "earningsPerShare": 0.00139,
    "freeCashFlowYield": 0.031008473065265087,
    "priceEarningsRatio": 359.7122,
    "priceToCash": 32.24925,
    "foreignExempt": false,
    "shareDescription": "Ordinary Fully Paid",
    "numOfShares": 72275080,
    "yieldAnnual": 2.8,
    "incomeStatement": [
      {
        "revenue": 13682880,
        "netIncome": 98490,
        "period": "2022A",
        "fPeriodEndDate": 44742,
        "curCode": "AUD"
      },
      {
        "revenue": 15749530,
        "netIncome": 2277580,
        "period": "2021A",
        "fPeriodEndDate": 44377,
        "curCode": "AUD"
      },
      {
        "revenue": 11952220,
        "netIncome": 397430,
        "period": "2020A",
        "fPeriodEndDate": 44012,
        "curCode": "AUD"
      },
      {
        "revenue": 12447640,
        "netIncome": 1461440,
        "period": "2019A",
        "fPeriodEndDate": 43646,
        "curCode": "AUD"
      }
    ]
  },
  {
    "symbol": "COG",
    "displayName": "COG FINANCIAL SERVICES LIMITED",
    "industry": "Diversified Financials",
    "dateListed": "2003-01-28",
    "marketCap": 304582829,
    "xid": "669465840",
    "priceChangeFiveDayPercent": -9.49720670391061,
    "isRecentListing": false,
    "priceAsk": 1.6300000000000001,
    "priceBid": 1.62,
    "priceChange": 0,
    "priceChangePercent": 0,
    "priceLast": 1.62,
    "sector": "Financials",
    "industryGroup": "Diversified Financials",
    "securityType": 1,
    "volume": 67016,
    "statusCode": "XD",
    "isin": "AU000000COG7",
    "priceClose": 1.62,
    "priceDayHigh": 1.6400000000000001,
    "priceDayLow": 1.59,
    "priceFiftyTwoWeekHigh": 1.995,
    "priceFiftyTwoWeekLow": 1.19,
    "volumeAverage": 78806.663043,
    "dateExDate": "2022-09-21",
    "datePayDate": "2022-10-21",
    "dateRecordDate": "2022-09-23",
    "dividend": 0.048,
    "dividendType": "F",
    "frankingPercent": 100,
    "cashFlow": 183.59,
    "earningsPerShare": 0.1082,
    "freeCashFlowYield": 0.13057694115680726,
    "priceEarningsRatio": 15.24954,
    "priceToCash": 7.65832,
    "foreignExempt": false,
    "shareDescription": "Ordinary Fully Paid",
    "numOfShares": 188014092,
    "yieldAnnual": 5.1234567901234565,
    "incomeStatement": []
  },
  {
    "symbol": "CLH",
    "displayName": "COLLECTION HOUSE LIMITED",
    "industry": "Diversified Financials",
    "dateListed": "2000-10-04",
    "marketCap": -1,
    "xid": "76822",
    "priceChangeFiveDayPercent": 0,
    "isRecentListing": false,
    "priceChange": 0,
    "priceChangePercent": 0,
    "priceLast": 0.068,
    "sector": "Financials",
    "industryGroup": "Diversified Financials",
    "securityType": 1,
    "volume": 0,
    "statusCode": "",
    "isin": "AU000000CLH1",
    "priceClose": 0.068,
    "priceFiftyTwoWeekHigh": 0.205,
    "priceFiftyTwoWeekLow": 0.062,
    "volumeAverage": 388135.814815,
    "dateExDate": "2019-10-02",
    "datePayDate": "2019-10-25",
    "dateRecordDate": "2019-10-03",
    "dividend": 0.041,
    "dividendType": "F",
    "frankingPercent": 100,
    "cashFlow": 0.558,
    "earningsPerShare": -0.6063,
    "freeCashFlowYield": -0.0000100000010000001,
    "priceEarningsRatio": -99999.99,
    "priceToCash": -99999.99,
    "foreignExempt": false,
    "shareDescription": "Ordinary Fully Paid",
    "numOfShares": 141948162,
    "yieldAnnual": 0,
    "incomeStatement": [
      {
        "revenue": 75327000,
        "netIncome": -31990000,
        "period": "2021A",
        "fPeriodEndDate": 44377,
        "curCode": "AUD"
      },
      {
        "revenue": 151647000,
        "netIncome": -145070000,
        "period": "2020A",
        "fPeriodEndDate": 44012,
        "curCode": "AUD"
      },
      {
        "revenue": 161057000,
        "netIncome": 30690000,
        "period": "2019A",
        "fPeriodEndDate": 43646,
        "curCode": "AUD"
      },
      {
        "revenue": 143863000,
        "netIncome": 26123000,
        "period": "2018A",
        "fPeriodEndDate": 43281,
        "curCode": "AUD"
      }
    ]
  },
  {
    "symbol": "CGA",
    "displayName": "CONTANGO ASSET MANAGEMENT LIMITED",
    "industry": "Diversified Financials",
    "dateListed": "2004-09-30",
    "marketCap": 21210591,
    "xid": "236661",
    "priceChangeFiveDayPercent": 0,
    "isRecentListing": false,
    "priceAsk": 0.54,
    "priceBid": 0.44,
    "priceChange": 0,
    "priceChangePercent": 0,
    "priceLast": 0.44,
    "sector": "Financials",
    "industryGroup": "Diversified Financials",
    "securityType": 1,
    "volume": 0,
    "statusCode": "",
    "isin": "AU000000CGA6",
    "priceClose": 0.44,
    "priceFiftyTwoWeekHigh": 0.955,
    "priceFiftyTwoWeekLow": 0.3,
    "volumeAverage": 30182.454545,
    "cashFlow": -0.833,
    "earningsPerShare": -0.0131,
    "freeCashFlowYield": -0.0000100000010000001,
    "priceEarningsRatio": -99999.99,
    "priceToCash": -99999.99,
    "foreignExempt": false,
    "shareDescription": "Ordinary Fully Paid",
    "numOfShares": 48205888,
    "yieldAnnual": 0,
    "incomeStatement": [
      {
        "revenue": 6209000,
        "netIncome": -642000,
        "period": "2022A",
        "fPeriodEndDate": 44742,
        "curCode": "AUD"
      },
      {
        "revenue": 5711000,
        "netIncome": -800000,
        "period": "2021A",
        "fPeriodEndDate": 44377,
        "curCode": "AUD"
      },
      {
        "revenue": 4926000,
        "netIncome": -1163000,
        "period": "2020A",
        "fPeriodEndDate": 44012,
        "curCode": "AUD"
      },
      {
        "revenue": 3545000,
        "netIncome": -5209000,
        "period": "2019A",
        "fPeriodEndDate": 43646,
        "curCode": "AUD"
      }
    ]
  },
  {
    "symbol": "CCP",
    "displayName": "CREDIT CORP GROUP LIMITED",
    "industry": "Diversified Financials",
    "dateListed": "2000-09-04",
    "marketCap": 1183673269,
    "xid": "71701",
    "priceChangeFiveDayPercent": -2.219755826859038,
    "isRecentListing": false,
    "priceAsk": 17.72,
    "priceBid": 17.580000000000002,
    "priceChange": 0.1700000000000017,
    "priceChangePercent": 0.974212034383964,
    "priceLast": 17.62,
    "sector": "Financials",
    "industryGroup": "Diversified Financials",
    "securityType": 1,
    "volume": 196996,
    "statusCode": "",
    "isin": "AU000000CCP3",
    "priceClose": 17.45,
    "priceDayHigh": 17.78,
    "priceDayLow": 17.32,
    "priceFiftyTwoWeekHigh": 36.25,
    "priceFiftyTwoWeekLow": 16.96,
    "volumeAverage": 281264.741935,
    "dateExDate": "2022-09-01",
    "datePayDate": "2022-09-12",
    "dateRecordDate": "2022-09-02",
    "dividend": 0.36,
    "dividendType": "F",
    "frankingPercent": 100,
    "cashFlow": -154.099,
    "earningsPerShare": 1.48478,
    "freeCashFlowYield": 0.09337817976046629,
    "priceEarningsRatio": 11.82667,
    "priceToCash": 10.70914,
    "foreignExempt": false,
    "shareDescription": "Ordinary Fully Paid",
    "numOfShares": 67832279,
    "yieldAnnual": 4.240687679083094,
    "incomeStatement": [
      {
        "revenue": 411200000,
        "netIncome": 100716000,
        "period": "2022A",
        "fPeriodEndDate": 44742,
        "curCode": "AUD"
      },
      {
        "revenue": 374786000,
        "netIncome": 88130000,
        "period": "2021A",
        "fPeriodEndDate": 44377,
        "curCode": "AUD"
      },
      {
        "revenue": 381979000,
        "netIncome": 15454000,
        "period": "2020A",
        "fPeriodEndDate": 44012,
        "curCode": "AUD"
      },
      {
        "revenue": 324254000,
        "netIncome": 70285000,
        "period": "2019A",
        "fPeriodEndDate": 43646,
        "curCode": "AUD"
      }
    ]
  },
  {
    "symbol": "CVC",
    "displayName": "CVC LIMITED",
    "industry": "Diversified Financials",
    "dateListed": "1985-06-27",
    "marketCap": 233648188,
    "xid": "83753",
    "priceChangeFiveDayPercent": -1.4778325123152614,
    "isRecentListing": false,
    "priceAsk": 2.15,
    "priceBid": 2,
    "priceChange": 0,
    "priceChangePercent": 0,
    "priceLast": 2,
    "sector": "Financials",
    "industryGroup": "Diversified Financials",
    "securityType": 1,
    "volume": 2741,
    "statusCode": "",
    "isin": "AU000000CVC1",
    "priceClose": 2,
    "priceDayHigh": 2,
    "priceDayLow": 2,
    "priceFiftyTwoWeekHigh": 2.6,
    "priceFiftyTwoWeekLow": 2,
    "volumeAverage": 3664.518519,
    "dateExDate": "2022-08-03",
    "datePayDate": "2022-08-18",
    "dateRecordDate": "2022-08-04",
    "dividend": 0.05,
    "dividendType": "F",
    "frankingPercent": 100,
    "cashFlow": -34.40226,
    "earningsPerShare": 0.05226,
    "freeCashFlowYield": 0.05718465095346828,
    "priceEarningsRatio": 38.65289,
    "priceToCash": 17.48721,
    "foreignExempt": false,
    "shareDescription": "Ordinary Fully Paid",
    "numOfShares": 116824094,
    "yieldAnnual": 4.5,
    "incomeStatement": [
      {
        "revenue": 70555600,
        "netIncome": 6105920,
        "period": "2022A",
        "fPeriodEndDate": 44742,
        "curCode": "AUD"
      },
      {
        "revenue": 58780920,
        "netIncome": 19489950,
        "period": "2021A",
        "fPeriodEndDate": 44377,
        "curCode": "AUD"
      },
      {
        "revenue": 19040620,
        "netIncome": -2074480,
        "period": "2020A",
        "fPeriodEndDate": 44012,
        "curCode": "AUD"
      },
      {
        "revenue": 59105670,
        "netIncome": -2060000,
        "period": "2019A",
        "fPeriodEndDate": 43646,
        "curCode": "AUD"
      }
    ]
  },
  {
    "symbol": "DVR",
    "displayName": "DIVERGER LIMITED",
    "industry": "Diversified Financials",
    "dateListed": "2005-08-02",
    "marketCap": 38804326,
    "xid": "2524739",
    "priceChangeFiveDayPercent": -1.4778325123152614,
    "isRecentListing": false,
    "priceAsk": 1.02,
    "priceBid": 0.98,
    "priceChange": -0.030000000000000027,
    "priceChangePercent": -2.9126213592233037,
    "priceLast": 1,
    "sector": "Financials",
    "industryGroup": "Diversified Financials",
    "securityType": 1,
    "volume": 1100,
    "statusCode": "",
    "isin": "AU0000190209",
    "priceClose": 1.03,
    "priceDayHigh": 1,
    "priceDayLow": 1,
    "priceFiftyTwoWeekHigh": 1.14,
    "priceFiftyTwoWeekLow": 0.81,
    "volumeAverage": 28554,
    "dateExDate": "2022-09-12",
    "datePayDate": "2022-09-27",
    "dateRecordDate": "2022-09-13",
    "dividend": 0.035,
    "dividendType": "F",
    "frankingPercent": 100,
    "cashFlow": 3.494,
    "earningsPerShare": 0.08866,
    "freeCashFlowYield": 0.13805290187199737,
    "priceEarningsRatio": 11.05346,
    "priceToCash": 7.2436,
    "foreignExempt": false,
    "shareDescription": "Ordinary Fully Paid",
    "numOfShares": 37674103,
    "yieldAnnual": 4.8543689320388355,
    "incomeStatement": [
      {
        "revenue": 125044000,
        "netIncome": 3563000,
        "period": "2022A",
        "fPeriodEndDate": 44742,
        "curCode": "AUD"
      },
      {
        "revenue": 91710000,
        "netIncome": 2504000,
        "period": "2021A",
        "fPeriodEndDate": 44377,
        "curCode": "AUD"
      },
      {
        "revenue": 69007000,
        "netIncome": 1480000,
        "period": "2020A",
        "fPeriodEndDate": 44012,
        "curCode": "AUD"
      },
      {
        "revenue": 59804000,
        "netIncome": 2730000,
        "period": "2019A",
        "fPeriodEndDate": 43646,
        "curCode": "AUD"
      }
    ]
  },
  {
    "symbol": "DCL",
    "displayName": "DOMACOM LIMITED",
    "industry": "Diversified Financials",
    "dateListed": "2016-11-07",
    "marketCap": -1,
    "xid": "369696344",
    "priceChangeFiveDayPercent": 0,
    "isRecentListing": false,
    "priceChange": 0,
    "priceChangePercent": 0,
    "priceLast": 0.065,
    "sector": "Financials",
    "industryGroup": "Diversified Financials",
    "securityType": 1,
    "volume": 0,
    "statusCode": "",
    "isin": "AU000000DCL0",
    "priceClose": 0.065,
    "priceFiftyTwoWeekHigh": 0.07,
    "priceFiftyTwoWeekLow": 0.064,
    "cashFlow": -3.32727,
    "earningsPerShare": -0.01138,
    "freeCashFlowYield": -0.0000100000010000001,
    "priceEarningsRatio": -99999.99,
    "priceToCash": -99999.99,
    "foreignExempt": false,
    "shareDescription": "Ordinary Fully Paid",
    "numOfShares": 434744197,
    "yieldAnnual": 0,
    "incomeStatement": [
      {
        "revenue": 1048050,
        "netIncome": -3422580,
        "period": "2022A",
        "fPeriodEndDate": 44742,
        "curCode": "AUD"
      },
      {
        "revenue": 440690,
        "netIncome": -5022560,
        "period": "2021A",
        "fPeriodEndDate": 44377,
        "curCode": "AUD"
      },
      {
        "revenue": 402120,
        "netIncome": -5778670,
        "period": "2020A",
        "fPeriodEndDate": 44012,
        "curCode": "AUD"
      },
      {
        "revenue": 283590,
        "netIncome": -5780760,
        "period": "2019A",
        "fPeriodEndDate": 43646,
        "curCode": "AUD"
      }
    ]
  },
  {
    "symbol": "EP1",
    "displayName": "E&P FINANCIAL GROUP LIMITED",
    "industry": "Diversified Financials",
    "dateListed": "2018-05-14",
    "marketCap": 133100850,
    "xid": "466738601",
    "priceChangeFiveDayPercent": 1.9477596923248362e-14,
    "isRecentListing": false,
    "priceAsk": 0.5700000000000001,
    "priceBid": 0.56,
    "priceChange": 0.010000000000000009,
    "priceChangePercent": 1.7857142857142871,
    "priceLast": 0.5700000000000001,
    "sector": "Financials",
    "industryGroup": "Diversified Financials",
    "securityType": 1,
    "volume": 7248,
    "statusCode": "CD",
    "isin": "AU0000117343",
    "priceClose": 0.56,
    "priceDayHigh": 0.5750000000000001,
    "priceDayLow": 0.5700000000000001,
    "priceFiftyTwoWeekHigh": 0.73,
    "priceFiftyTwoWeekLow": 0.43,
    "volumeAverage": 57352.741573,
    "dateExDate": "2022-09-30",
    "datePayDate": "2022-10-11",
    "dateRecordDate": "2022-10-03",
    "dividend": 0.027,
    "dividendType": "F",
    "frankingPercent": 100,
    "cashFlow": 15.776,
    "earningsPerShare": 0.02682,
    "freeCashFlowYield": 0.14168379859931396,
    "priceEarningsRatio": 21.2528,
    "priceToCash": 7.05797,
    "foreignExempt": false,
    "shareDescription": "Ordinary Fully Paid",
    "numOfShares": 237680090,
    "yieldAnnual": 19.642857142857142,
    "incomeStatement": [
      {
        "revenue": 201571000,
        "netIncome": 6316000,
        "period": "2022A",
        "fPeriodEndDate": 44742,
        "curCode": "AUD"
      },
      {
        "revenue": 190312000,
        "netIncome": -18835000,
        "period": "2021A",
        "fPeriodEndDate": 44377,
        "curCode": "AUD"
      },
      {
        "revenue": 205623000,
        "netIncome": -30493000,
        "period": "2020A",
        "fPeriodEndDate": 44012,
        "curCode": "AUD"
      },
      {
        "revenue": 237032000,
        "netIncome": 16778000,
        "period": "2019A",
        "fPeriodEndDate": 43646,
        "curCode": "AUD"
      }
    ]
  },
  {
    "symbol": "EPY",
    "displayName": "EARLYPAY LTD",
    "industry": "Diversified Financials",
    "dateListed": "2010-02-23",
    "marketCap": 123466388,
    "xid": "23114108",
    "priceChangeFiveDayPercent": -4.444444444444448,
    "isRecentListing": false,
    "priceAsk": 0.435,
    "priceBid": 0.42,
    "priceChange": 0,
    "priceChangePercent": 0,
    "priceLast": 0.43,
    "sector": "Financials",
    "industryGroup": "Diversified Financials",
    "securityType": 1,
    "volume": 80826,
    "statusCode": "XD",
    "isin": "AU0000119570",
    "priceClose": 0.43,
    "priceDayHigh": 0.4325,
    "priceDayLow": 0.425,
    "priceFiftyTwoWeekHigh": 0.57,
    "priceFiftyTwoWeekLow": 0.395,
    "volumeAverage": 128962.923913,
    "dateExDate": "2022-09-15",
    "datePayDate": "2022-10-07",
    "dateRecordDate": "2022-09-16",
    "dividend": 0.018,
    "dividendType": "F",
    "frankingPercent": 100,
    "cashFlow": -99999.99,
    "earningsPerShare": 0.0466,
    "freeCashFlowYield": 0.12727941522745467,
    "priceEarningsRatio": 9.12017,
    "priceToCash": 7.85673,
    "foreignExempt": false,
    "shareDescription": "Ordinary Fully Paid",
    "numOfShares": 287131134,
    "yieldAnnual": 7.441860465116278,
    "incomeStatement": [
      {
        "revenue": 42556000,
        "netIncome": 7238000,
        "period": "2021A",
        "fPeriodEndDate": 44377,
        "curCode": "AUD"
      },
      {
        "revenue": 47053000,
        "netIncome": 2672000,
        "period": "2020A",
        "fPeriodEndDate": 44012,
        "curCode": "AUD"
      },
      {
        "revenue": 47675000,
        "netIncome": 8400000,
        "period": "2019A",
        "fPeriodEndDate": 43646,
        "curCode": "AUD"
      },
      {
        "revenue": 46749000,
        "netIncome": 3186000,
        "period": "2018A",
        "fPeriodEndDate": 43281,
        "curCode": "AUD"
      }
    ]
  },
  {
    "symbol": "ECX",
    "displayName": "ECLIPX GROUP LIMITED",
    "industry": "Diversified Financials",
    "dateListed": "2015-04-22",
    "marketCap": 603217602,
    "xid": "86359442",
    "priceChangeFiveDayPercent": -5.263157894736827,
    "isRecentListing": false,
    "priceAsk": 2.25,
    "priceBid": 2.05,
    "priceChange": 0.11000000000000032,
    "priceChangePercent": 5.365853658536602,
    "priceLast": 2.16,
    "sector": "Financials",
    "industryGroup": "Diversified Financials",
    "securityType": 1,
    "volume": 781279,
    "statusCode": "",
    "isin": "AU000000ECX3",
    "priceClose": 2.05,
    "priceDayHigh": 2.1750000000000003,
    "priceDayLow": 2.08,
    "priceFiftyTwoWeekHigh": 2.89,
    "priceFiftyTwoWeekLow": 1.905,
    "volumeAverage": 969695.204301,
    "dateExDate": "2018-12-13",
    "datePayDate": "2019-01-25",
    "dateRecordDate": "2018-12-14",
    "dividend": 0.08,
    "dividendType": "F",
    "frankingPercent": 100,
    "cashFlow": -91.716,
    "earningsPerShare": 0.30955,
    "freeCashFlowYield": 0.43838883335963674,
    "priceEarningsRatio": 6.88096,
    "priceToCash": 2.28108,
    "foreignExempt": false,
    "shareDescription": "Ordinary Fully Paid",
    "numOfShares": 294252489,
    "yieldAnnual": 0,
    "incomeStatement": [
      {
        "revenue": 648057000,
        "netIncome": 75950000,
        "period": "2021A",
        "fPeriodEndDate": 44469,
        "curCode": "AUD"
      },
      {
        "revenue": 674248000,
        "netIncome": 18205000,
        "period": "2020A",
        "fPeriodEndDate": 44104,
        "curCode": "AUD"
      },
      {
        "revenue": 709401000,
        "netIncome": -341457000,
        "period": "2019A",
        "fPeriodEndDate": 43738,
        "curCode": "AUD"
      },
      {
        "revenue": 690534000,
        "netIncome": 53222000,
        "period": "2018A",
        "fPeriodEndDate": 43373,
        "curCode": "AUD"
      }
    ]
  },
  {
    "symbol": "EDC",
    "displayName": "EILDON CAPITAL GROUP",
    "industry": "Diversified Financials",
    "dateListed": "2017-02-28",
    "marketCap": 38973509,
    "xid": "593109289",
    "priceChangeFiveDayPercent": 4.848484848484853,
    "isRecentListing": false,
    "priceAsk": 0.865,
    "priceBid": 0.78,
    "priceChange": 0.039999999999999925,
    "priceChangePercent": 4.848484848484839,
    "priceLast": 0.865,
    "sector": "Financials",
    "industryGroup": "Diversified Financials",
    "securityType": 6,
    "volume": 1000,
    "statusCode": "XD",
    "isin": "AU000000EDC5",
    "priceClose": 0.8250000000000001,
    "priceDayHigh": 0.865,
    "priceDayLow": 0.865,
    "priceFiftyTwoWeekHigh": 1.06,
    "priceFiftyTwoWeekLow": 0.825,
    "volumeAverage": 15134.444444,
    "dateExDate": "2022-09-27",
    "datePayDate": "2022-10-21",
    "dateRecordDate": "2022-09-28",
    "dividend": 0.014,
    "dividendType": "I",
    "frankingPercent": 0,
    "cashFlow": 2.10037,
    "earningsPerShare": 0.04744,
    "freeCashFlowYield": -0.0000100000010000001,
    "priceEarningsRatio": 17.39039,
    "priceToCash": -99999.99,
    "foreignExempt": false,
    "shareDescription": "Fully Paid Ordinary/units Stapled Securities",
    "numOfShares": 47240617,
    "yieldAnnual": 0,
    "incomeStatement": [
      {
        "revenue": 10106820,
        "netIncome": 2242250,
        "period": "2022A",
        "fPeriodEndDate": 44742,
        "curCode": "AUD"
      },
      {
        "revenue": 7993820,
        "netIncome": 1006180,
        "period": "2021A",
        "fPeriodEndDate": 44377,
        "curCode": "AUD"
      },
      {
        "revenue": 6140020,
        "netIncome": 4091670,
        "period": "2020A",
        "fPeriodEndDate": 44012,
        "curCode": "AUD"
      },
      {
        "revenue": 7563690,
        "netIncome": 4386510,
        "period": "2019A",
        "fPeriodEndDate": 43646,
        "curCode": "AUD"
      }
    ]
  },
  {
    "symbol": "EQT",
    "displayName": "EQT HOLDINGS LIMITED",
    "industry": "Diversified Financials",
    "dateListed": "1985-08-06",
    "marketCap": 653722866,
    "xid": "99893",
    "priceChangeFiveDayPercent": -5.49242424242424,
    "isRecentListing": false,
    "priceAsk": 25,
    "priceBid": 24.6,
    "priceChange": 0.14999999999999858,
    "priceChangePercent": 0.6048387096774136,
    "priceLast": 24.95,
    "sector": "Financials",
    "industryGroup": "Diversified Financials",
    "securityType": 1,
    "volume": 22423,
    "statusCode": "XD",
    "isin": "AU000000EQT1",
    "priceClose": 24.8,
    "priceDayHigh": 25.060000000000002,
    "priceDayLow": 24.75,
    "priceFiftyTwoWeekHigh": 29.2581,
    "priceFiftyTwoWeekLow": 23.87263,
    "volumeAverage": 18741.751696,
    "dateExDate": "2022-09-15",
    "datePayDate": "2022-10-10",
    "dateRecordDate": "2022-09-16",
    "dividend": 0.49,
    "dividendType": "F",
    "frankingPercent": 100,
    "cashFlow": 14.636,
    "earningsPerShare": 1.11902,
    "freeCashFlowYield": 0.04140133585550272,
    "priceEarningsRatio": 22.16225,
    "priceToCash": 24.15381,
    "foreignExempt": false,
    "shareDescription": "Ordinary Fully Paid",
    "numOfShares": 26359793,
    "yieldAnnual": 3.911290322580645,
    "incomeStatement": [
      {
        "revenue": 111598000,
        "netIncome": 24228000,
        "period": "2022A",
        "fPeriodEndDate": 44742,
        "curCode": "AUD"
      },
      {
        "revenue": 100860000,
        "netIncome": 21528000,
        "period": "2021A",
        "fPeriodEndDate": 44377,
        "curCode": "AUD"
      },
      {
        "revenue": 95635000,
        "netIncome": 19212000,
        "period": "2020A",
        "fPeriodEndDate": 44012,
        "curCode": "AUD"
      },
      {
        "revenue": 92534000,
        "netIncome": 22194000,
        "period": "2019A",
        "fPeriodEndDate": 43646,
        "curCode": "AUD"
      }
    ]
  },
  {
    "symbol": "EQS",
    "displayName": "EQUITY STORY GROUP LTD",
    "industry": "Diversified Financials",
    "dateListed": "2022-05-03",
    "marketCap": 7061569,
    "xid": "706546201",
    "priceChangeFiveDayPercent": 0,
    "isRecentListing": true,
    "priceAsk": 0.075,
    "priceBid": 0.066,
    "priceChange": 0,
    "priceChangePercent": 0,
    "priceLast": 0.066,
    "sector": "Financials",
    "industryGroup": "Diversified Financials",
    "securityType": 1,
    "volume": 0,
    "statusCode": "",
    "isin": "AU0000208654",
    "priceClose": 0.066,
    "priceFiftyTwoWeekHigh": 0.185,
    "priceFiftyTwoWeekLow": 0.06,
    "volumeAverage": 53632.413043,
    "cashFlow": -1.0181,
    "earningsPerShare": -0.02574,
    "freeCashFlowYield": -0.0000100000010000001,
    "priceEarningsRatio": -99999.99,
    "priceToCash": -99999.99,
    "foreignExempt": false,
    "shareDescription": "Ordinary Fully Paid",
    "numOfShares": 106993464,
    "yieldAnnual": 0,
    "incomeStatement": [
      {
        "revenue": 822220,
        "netIncome": -1979440,
        "period": "2022A",
        "fPeriodEndDate": 44742,
        "curCode": "AUD"
      },
      {
        "revenue": 0,
        "netIncome": -32768,
        "period": "2021A",
        "fPeriodEndDate": 44377,
        "curCode": "AUD"
      }
    ]
  },
  {
    "symbol": "EZL",
    "displayName": "EUROZ HARTLEYS GROUP LIMITED",
    "industry": "Diversified Financials",
    "dateListed": "1971-08-02",
    "marketCap": 253526739,
    "xid": "104041",
    "priceChangeFiveDayPercent": -4.135338345864657,
    "isRecentListing": false,
    "priceAsk": 1.31,
    "priceBid": 1.27,
    "priceChange": -0.009999999999999787,
    "priceChangePercent": -0.778210116731501,
    "priceLast": 1.2750000000000001,
    "sector": "Financials",
    "industryGroup": "Diversified Financials",
    "securityType": 1,
    "volume": 53757,
    "statusCode": "XD",
    "isin": "AU000000EZL9",
    "priceClose": 1.285,
    "priceDayHigh": 1.295,
    "priceDayLow": 1.26,
    "priceFiftyTwoWeekHigh": 1.84,
    "priceFiftyTwoWeekLow": 1.1975,
    "volumeAverage": 95633.619565,
    "dateExDate": "2022-09-20",
    "datePayDate": "2022-10-07",
    "dateRecordDate": "2022-09-21",
    "dividend": 0.2027,
    "dividendType": "I",
    "frankingPercent": 100,
    "cashFlow": -10.81195,
    "earningsPerShare": 0.20679,
    "freeCashFlowYield": 0.17104279661814184,
    "priceEarningsRatio": 6.18985,
    "priceToCash": 5.84649,
    "foreignExempt": false,
    "shareDescription": "Ordinary Fully Paid",
    "numOfShares": 197297073,
    "yieldAnnual": 8.560311284046692,
    "incomeStatement": [
      {
        "revenue": 118690900,
        "netIncome": 40723720,
        "period": "2022A",
        "fPeriodEndDate": 44742,
        "curCode": "AUD"
      },
      {
        "revenue": 128068380,
        "netIncome": 52540910,
        "period": "2021A",
        "fPeriodEndDate": 44377,
        "curCode": "AUD"
      },
      {
        "revenue": 49588000,
        "netIncome": -1354730,
        "period": "2020A",
        "fPeriodEndDate": 44012,
        "curCode": "AUD"
      },
      {
        "revenue": 59952700,
        "netIncome": -107690,
        "period": "2019A",
        "fPeriodEndDate": 43646,
        "curCode": "AUD"
      }
    ]
  },
  {
    "symbol": "EVE",
    "displayName": "EVE HEALTH GROUP LIMITED.",
    "industry": "Diversified Financials",
    "dateListed": "2004-04-08",
    "marketCap": 5274483,
    "xid": "38688",
    "priceChangeFiveDayPercent": 0,
    "isRecentListing": false,
    "priceAsk": 0.002,
    "priceBid": 0.001,
    "priceChange": 0,
    "priceChangePercent": 0,
    "priceLast": 0.001,
    "sector": "Consumer Staples",
    "industryGroup": "Food, Beverage & Tobacco",
    "securityType": 1,
    "volume": 5040000,
    "statusCode": "",
    "isin": "AU000000EVE3",
    "priceClose": 0.001,
    "priceDayHigh": 0.001,
    "priceDayLow": 0.001,
    "priceFiftyTwoWeekHigh": 0.005,
    "priceFiftyTwoWeekLow": 0.00083,
    "volumeAverage": 8747621.50089,
    "cashFlow": -3.79783,
    "earningsPerShare": -0.00123,
    "freeCashFlowYield": -0.0000100000010000001,
    "priceEarningsRatio": -99999.99,
    "priceToCash": -99999.99,
    "foreignExempt": false,
    "shareDescription": "Ordinary Fully Paid",
    "numOfShares": 5274482664,
    "yieldAnnual": 0,
    "incomeStatement": [
      {
        "revenue": 2390620,
        "netIncome": -5371950,
        "period": "2022A",
        "fPeriodEndDate": 44742,
        "curCode": "AUD"
      },
      {
        "revenue": 2800990,
        "netIncome": -3630690,
        "period": "2021A",
        "fPeriodEndDate": 44377,
        "curCode": "AUD"
      },
      {
        "revenue": 2311170,
        "netIncome": -2400440,
        "period": "2020A",
        "fPeriodEndDate": 44012,
        "curCode": "AUD"
      },
      {
        "revenue": 1597870,
        "netIncome": -2638510,
        "period": "2019A",
        "fPeriodEndDate": 43646,
        "curCode": "AUD"
      }
    ]
  },
  {
    "symbol": "FFG",
    "displayName": "FATFISH GROUP LIMITED",
    "industry": "Diversified Financials",
    "dateListed": "1995-11-23",
    "marketCap": 23830987,
    "xid": "53697",
    "priceChangeFiveDayPercent": 4.545454545454549,
    "isRecentListing": false,
    "priceAsk": 0.023,
    "priceBid": 0.022,
    "priceChange": 0,
    "priceChangePercent": 0,
    "priceLast": 0.023,
    "sector": "Financials",
    "industryGroup": "Diversified Financials",
    "securityType": 1,
    "volume": 237500,
    "statusCode": "",
    "isin": "AU000000FFG8",
    "priceClose": 0.023,
    "priceDayHigh": 0.023,
    "priceDayLow": 0.023,
    "priceFiftyTwoWeekHigh": 0.087,
    "priceFiftyTwoWeekLow": 0.016,
    "volumeAverage": 1201436.255556,
    "cashFlow": -4.69329,
    "earningsPerShare": -0.0099,
    "freeCashFlowYield": -0.0000100000010000001,
    "priceEarningsRatio": -99999.99,
    "priceToCash": -99999.99,
    "foreignExempt": false,
    "shareDescription": "Ordinary Fully Paid",
    "numOfShares": 1036129877,
    "yieldAnnual": 0,
    "incomeStatement": [
      {
        "revenue": 488810,
        "netIncome": -9020170,
        "period": "2021A",
        "fPeriodEndDate": 44561,
        "curCode": "AUD"
      },
      {
        "revenue": 659120,
        "netIncome": 1918650,
        "period": "2020A",
        "fPeriodEndDate": 44196,
        "curCode": "AUD"
      },
      {
        "revenue": 2745600,
        "netIncome": -11858220,
        "period": "2019A",
        "fPeriodEndDate": 43830,
        "curCode": "AUD"
      },
      {
        "revenue": 3837100,
        "netIncome": -17448540,
        "period": "2018A",
        "fPeriodEndDate": 43465,
        "curCode": "AUD"
      }
    ]
  },
  {
    "symbol": "FID",
    "displayName": "FIDUCIAN GROUP LIMITED",
    "industry": "Diversified Financials",
    "dateListed": "2015-02-09",
    "marketCap": 230101424,
    "xid": "84409438",
    "priceChangeFiveDayPercent": 6.086956521739129,
    "isRecentListing": false,
    "priceAsk": 7.3500000000000005,
    "priceBid": 6.9,
    "priceChange": 0.009999999999999787,
    "priceChangePercent": 0.1367989056087522,
    "priceLast": 7.32,
    "sector": "Financials",
    "industryGroup": "Diversified Financials",
    "securityType": 1,
    "volume": 675,
    "statusCode": "",
    "isin": "AU000000FID9",
    "priceClose": 7.3100000000000005,
    "priceDayHigh": 7.32,
    "priceDayLow": 7.32,
    "priceFiftyTwoWeekHigh": 9.03,
    "priceFiftyTwoWeekLow": 6.7,
    "volumeAverage": 6034.956522,
    "dateExDate": "2022-08-26",
    "datePayDate": "2022-09-12",
    "dateRecordDate": "2022-08-29",
    "dividend": 0.149,
    "dividendType": "F",
    "frankingPercent": 100,
    "cashFlow": 8.846,
    "earningsPerShare": 0.4222,
    "freeCashFlowYield": 0.0762840512933961,
    "priceEarningsRatio": 17.17196,
    "priceToCash": 13.1089,
    "foreignExempt": false,
    "shareDescription": "Ordinary Fully Paid",
    "numOfShares": 31477623,
    "yieldAnnual": 4.062927496580027,
    "incomeStatement": [
      {
        "revenue": 69539000,
        "netIncome": 13317000,
        "period": "2022A",
        "fPeriodEndDate": 44742,
        "curCode": "AUD"
      },
      {
        "revenue": 58839000,
        "netIncome": 12179000,
        "period": "2021A",
        "fPeriodEndDate": 44377,
        "curCode": "AUD"
      },
      {
        "revenue": 54999000,
        "netIncome": 10463000,
        "period": "2020A",
        "fPeriodEndDate": 44012,
        "curCode": "AUD"
      },
      {
        "revenue": 49404000,
        "netIncome": 10350000,
        "period": "2019A",
        "fPeriodEndDate": 43646,
        "curCode": "AUD"
      }
    ]
  },
  {
    "symbol": "FNX",
    "displayName": "FINEXIA FINANCIAL GROUP LIMITED",
    "industry": "Diversified Financials",
    "dateListed": "2006-12-21",
    "marketCap": 11833819,
    "xid": "25907394",
    "priceChangeFiveDayPercent": -3.947368421052635,
    "isRecentListing": false,
    "priceAsk": 0.073,
    "priceBid": 0.057,
    "priceChange": 0,
    "priceChangePercent": 0,
    "priceLast": 0.073,
    "sector": "Financials",
    "industryGroup": "Diversified Financials",
    "securityType": 1,
    "volume": 0,
    "statusCode": "",
    "isin": "AU0000107088",
    "priceClose": 0.073,
    "priceFiftyTwoWeekHigh": 0.091,
    "priceFiftyTwoWeekLow": 0.05,
    "volumeAverage": 57851.8,
    "cashFlow": 4.61625,
    "earningsPerShare": 0.02078,
    "freeCashFlowYield": 0.2919716553916946,
    "priceEarningsRatio": 3.65736,
    "priceToCash": 3.42499,
    "foreignExempt": false,
    "shareDescription": "Ordinary Fully Paid",
    "numOfShares": 162107104,
    "yieldAnnual": 0,
    "incomeStatement": []
  },
  {
    "symbol": "FSA",
    "displayName": "FSA GROUP LIMITED",
    "industry": "Diversified Financials",
    "dateListed": "2001-01-11",
    "marketCap": 132123770,
    "xid": "112695",
    "priceChangeFiveDayPercent": -4.845814977973562,
    "isRecentListing": false,
    "priceAsk": 1.1,
    "priceBid": 1.055,
    "priceChange": 0,
    "priceChangePercent": 0,
    "priceLast": 1.08,
    "sector": "Financials",
    "industryGroup": "Diversified Financials",
    "securityType": 1,
    "volume": 0,
    "statusCode": "",
    "isin": "AU000000FSA4",
    "priceClose": 1.08,
    "priceFiftyTwoWeekHigh": 1.25,
    "priceFiftyTwoWeekLow": 0.9725,
    "volumeAverage": 93580.984127,
    "dateExDate": "2022-08-17",
    "datePayDate": "2022-08-30",
    "dateRecordDate": "2022-08-18",
    "dividend": 0.035,
    "dividendType": "F",
    "frankingPercent": 100,
    "cashFlow": 17.58912,
    "earningsPerShare": 0.1373,
    "freeCashFlowYield": 0.14387122949475303,
    "priceEarningsRatio": 8.26657,
    "priceToCash": 6.95066,
    "foreignExempt": false,
    "shareDescription": "Ordinary Fully Paid",
    "numOfShares": 122336824,
    "yieldAnnual": 6.481481481481482,
    "incomeStatement": [
      {
        "revenue": 70252260,
        "netIncome": 17219770,
        "period": "2022A",
        "fPeriodEndDate": 44742,
        "curCode": "AUD"
      },
      {
        "revenue": 71619000,
        "netIncome": 20108510,
        "period": "2021A",
        "fPeriodEndDate": 44377,
        "curCode": "AUD"
      },
      {
        "revenue": 82525060,
        "netIncome": 16315950,
        "period": "2020A",
        "fPeriodEndDate": 44012,
        "curCode": "AUD"
      },
      {
        "revenue": 86956070,
        "netIncome": 14411170,
        "period": "2019A",
        "fPeriodEndDate": 43646,
        "curCode": "AUD"
      }
    ]
  },
  {
    "symbol": "GOW",
    "displayName": "GOWING BROS LIMITED",
    "industry": "Diversified Financials",
    "dateListed": "1962-07-31",
    "marketCap": 146072483,
    "xid": "140949",
    "priceChangeFiveDayPercent": -0.3636363636363559,
    "isRecentListing": false,
    "priceAsk": 2.75,
    "priceBid": 2.74,
    "priceChange": 0,
    "priceChangePercent": 0,
    "priceLast": 2.74,
    "sector": "Financials",
    "industryGroup": "Diversified Financials",
    "securityType": 1,
    "volume": 14600,
    "statusCode": "",
    "isin": "AU000000GOW5",
    "priceClose": 2.74,
    "priceDayHigh": 2.74,
    "priceDayLow": 2.74,
    "priceFiftyTwoWeekHigh": 3.26,
    "priceFiftyTwoWeekLow": 2.45,
    "volumeAverage": 15014.142857,
    "dateExDate": "2022-04-07",
    "datePayDate": "2022-04-22",
    "dateRecordDate": "2022-04-08",
    "dividend": 0.04,
    "dividendType": "I",
    "frankingPercent": 100,
    "cashFlow": -1.384,
    "earningsPerShare": 0.23346,
    "freeCashFlowYield": 0.10078186571421086,
    "priceEarningsRatio": 11.65082,
    "priceToCash": 9.92242,
    "foreignExempt": false,
    "shareDescription": "Ordinary Fully Paid",
    "numOfShares": 53311125,
    "yieldAnnual": 2.91970802919708,
    "incomeStatement": [
      {
        "revenue": 71152000,
        "netIncome": 10381000,
        "period": "2021A",
        "fPeriodEndDate": 44408,
        "curCode": "AUD"
      },
      {
        "revenue": 61777000,
        "netIncome": 4747000,
        "period": "2020A",
        "fPeriodEndDate": 44043,
        "curCode": "AUD"
      },
      {
        "revenue": 64437000,
        "netIncome": -19403000,
        "period": "2019A",
        "fPeriodEndDate": 43677,
        "curCode": "AUD"
      },
      {
        "revenue": 58304000,
        "netIncome": 6535000,
        "period": "2018A",
        "fPeriodEndDate": 43312,
        "curCode": "AUD"
      }
    ]
  },
  {
    "symbol": "GQG",
    "displayName": "GQG PARTNERS INC.",
    "industry": "Diversified Financials",
    "dateListed": "2021-10-26",
    "marketCap": 4266803852,
    "xid": "684507497",
    "priceChangeFiveDayPercent": 1.3289036544850659,
    "isRecentListing": false,
    "priceAsk": 1.6,
    "priceBid": 1.45,
    "priceChange": 0.08000000000000007,
    "priceChangePercent": 5.536332179930801,
    "priceLast": 1.5250000000000001,
    "sector": "Financials",
    "industryGroup": "Diversified Financials",
    "securityType": 1,
    "volume": 541098,
    "statusCode": "XD",
    "isin": "AU0000180499",
    "priceClose": 1.445,
    "priceDayHigh": 1.545,
    "priceDayLow": 1.455,
    "priceFiftyTwoWeekHigh": 2.13,
    "priceFiftyTwoWeekLow": 1.1225,
    "volumeAverage": 1549413.827957,
    "dateExDate": "2022-08-16",
    "datePayDate": "2022-09-29",
    "dateRecordDate": "2022-08-17",
    "dividend": 0.0206,
    "dividendType": "I",
    "frankingPercent": 0,
    "cashFlow": 192.9355,
    "earningsPerShare": 0.14696,
    "freeCashFlowYield": 0.10165401243635189,
    "priceEarningsRatio": 9.8667,
    "priceToCash": 9.83729,
    "foreignExempt": false,
    "shareDescription": "Cdi 1:1 Us Person Prohibited Excluding Qib",
    "numOfShares": 2952805434,
    "yieldAnnual": 0,
    "incomeStatement": [
      {
        "revenue": 397943000,
        "netIncome": 304872000,
        "period": "2021A",
        "fPeriodEndDate": 44561,
        "curCode": "USD"
      },
      {
        "revenue": 227545510,
        "netIncome": 167908380,
        "period": "2020A",
        "fPeriodEndDate": 44196,
        "curCode": "USD"
      },
      {
        "revenue": 114881700,
        "netIncome": 77300140,
        "period": "2019A",
        "fPeriodEndDate": 43830,
        "curCode": "USD"
      },
      {
        "revenue": 65098800,
        "netIncome": 31978110,
        "period": "2018A",
        "fPeriodEndDate": 43465,
        "curCode": "USD"
      }
    ]
  },
  {
    "symbol": "HAL",
    "displayName": "HALO TECHNOLOGIES HOLDINGS LTD",
    "industry": "Diversified Financials",
    "dateListed": "2022-04-26",
    "marketCap": 39822981,
    "xid": "711573279",
    "priceChangeFiveDayPercent": -1.6393442622950836,
    "isRecentListing": true,
    "priceAsk": 0.31,
    "priceBid": 0.3,
    "priceChange": -0.007500000000000007,
    "priceChangePercent": -2.4390243902439046,
    "priceLast": 0.3,
    "sector": "Financials",
    "industryGroup": "Diversified Financials",
    "securityType": 1,
    "volume": 16300,
    "statusCode": "",
    "isin": "AU0000211971",
    "priceClose": 0.3075,
    "priceDayHigh": 0.315,
    "priceDayLow": 0.3,
    "priceFiftyTwoWeekHigh": 1.185,
    "priceFiftyTwoWeekLow": 0.22,
    "volumeAverage": 56499.247191,
    "cashFlow": -99999.99,
    "earningsPerShare": -99999.99,
    "freeCashFlowYield": -0.0000100000010000001,
    "priceEarningsRatio": -99999.99,
    "priceToCash": -99999.99,
    "foreignExempt": false,
    "shareDescription": "Ordinary Fully Paid",
    "numOfShares": 129505629,
    "yieldAnnual": 0,
    "incomeStatement": [
      {
        "revenue": 11786820,
        "netIncome": 1041860,
        "period": "2021A",
        "fPeriodEndDate": 44561,
        "curCode": "AUD"
      },
      {
        "revenue": 4980340,
        "netIncome": 1172260,
        "period": "2020A",
        "fPeriodEndDate": 44196,
        "curCode": "AUD"
      },
      {
        "revenue": 1351170,
        "netIncome": 184060,
        "period": "2019A",
        "fPeriodEndDate": 43830,
        "curCode": "AUD"
      }
    ]
  },
  {
    "symbol": "HMY",
    "displayName": "HARMONEY CORP LIMITED",
    "industry": "Diversified Financials",
    "dateListed": "2020-11-19",
    "marketCap": 67026687,
    "xid": "627700340",
    "priceChangeFiveDayPercent": -10.958904109589037,
    "isRecentListing": false,
    "priceAsk": 0.6900000000000001,
    "priceBid": 0.645,
    "priceChange": -0.010000000000000009,
    "priceChangePercent": -1.5151515151515165,
    "priceLast": 0.65,
    "sector": "Financials",
    "industryGroup": "Diversified Financials",
    "securityType": 1,
    "volume": 1000,
    "statusCode": "",
    "isin": "NZHMYE0001S5",
    "priceClose": 0.66,
    "priceDayHigh": 0.65,
    "priceDayLow": 0.65,
    "priceFiftyTwoWeekHigh": 1.995,
    "priceFiftyTwoWeekLow": 0.645,
    "volumeAverage": 43646.716049,
    "cashFlow": -1.368,
    "earningsPerShare": -0.20042,
    "freeCashFlowYield": -0.0000100000010000001,
    "priceEarningsRatio": -99999.99,
    "priceToCash": -99999.99,
    "foreignExempt": false,
    "shareDescription": "Ordinary Fully Paid",
    "numOfShares": 101555587,
    "yieldAnnual": 0,
    "incomeStatement": [
      {
        "revenue": 77262000,
        "netIncome": -20179000,
        "period": "2022A",
        "fPeriodEndDate": 44742,
        "curCode": "NZD"
      },
      {
        "revenue": 38302000,
        "netIncome": -27034000,
        "period": "2021A",
        "fPeriodEndDate": 44377,
        "curCode": "NZD"
      },
      {
        "revenue": 37480000,
        "netIncome": -15372000,
        "period": "2020A",
        "fPeriodEndDate": 44012,
        "curCode": "NZD"
      },
      {
        "revenue": 33275000,
        "netIncome": 7220000,
        "period": "2019A",
        "fPeriodEndDate": 43555,
        "curCode": "NZD"
      }
    ]
  },
  {
    "symbol": "HUB",
    "displayName": "HUB24 LIMITED",
    "industry": "Diversified Financials",
    "dateListed": "2007-07-05",
    "marketCap": 1703638028,
    "xid": "7884268",
    "priceChangeFiveDayPercent": -5.6628621597892845,
    "isRecentListing": false,
    "priceAsk": 21.82,
    "priceBid": 21.31,
    "priceChange": 0.21000000000000085,
    "priceChangePercent": 0.9868421052631619,
    "priceLast": 21.490000000000002,
    "sector": "Financials",
    "industryGroup": "Diversified Financials",
    "securityType": 1,
    "volume": 186618,
    "statusCode": "XD",
    "isin": "AU000000HUB4",
    "priceClose": 21.28,
    "priceDayHigh": 22.28,
    "priceDayLow": 21.42,
    "priceFiftyTwoWeekHigh": 34.72,
    "priceFiftyTwoWeekLow": 17.65,
    "volumeAverage": 232901.763441,
    "dateExDate": "2022-09-12",
    "datePayDate": "2022-10-14",
    "dateRecordDate": "2022-09-13",
    "dividend": 0.125,
    "dividendType": "F",
    "frankingPercent": 100,
    "cashFlow": 14.567,
    "earningsPerShare": 0.19758,
    "freeCashFlowYield": 0.02028480268668155,
    "priceEarningsRatio": 107.5008,
    "priceToCash": 49.29799,
    "foreignExempt": false,
    "shareDescription": "Ordinary Fully Paid",
    "numOfShares": 80058178,
    "yieldAnnual": 0.9398496240601504,
    "incomeStatement": [
      {
        "revenue": 191403000,
        "netIncome": 14662000,
        "period": "2022A",
        "fPeriodEndDate": 44742,
        "curCode": "AUD"
      },
      {
        "revenue": 108813000,
        "netIncome": 9769000,
        "period": "2021A",
        "fPeriodEndDate": 44377,
        "curCode": "AUD"
      },
      {
        "revenue": 81659390,
        "netIncome": 8228300,
        "period": "2020A",
        "fPeriodEndDate": 44012,
        "curCode": "AUD"
      },
      {
        "revenue": 97522250,
        "netIncome": 7163960,
        "period": "2019A",
        "fPeriodEndDate": 43646,
        "curCode": "AUD"
      }
    ]
  },
  {
    "symbol": "HUM",
    "displayName": "HUMM GROUP LIMITED",
    "industry": "Diversified Financials",
    "dateListed": "2006-12-12",
    "marketCap": 240205134,
    "xid": "6133401",
    "priceChangeFiveDayPercent": -3.1578947368420964,
    "isRecentListing": false,
    "priceAsk": 0.47000000000000003,
    "priceBid": 0.46,
    "priceChange": -0.024999999999999967,
    "priceChangePercent": -5.154639175257725,
    "priceLast": 0.46,
    "sector": "Financials",
    "industryGroup": "Diversified Financials",
    "securityType": 1,
    "volume": 206922,
    "statusCode": "XD",
    "isin": "AU0000121337",
    "priceClose": 0.485,
    "priceDayHigh": 0.49,
    "priceDayLow": 0.46,
    "priceFiftyTwoWeekHigh": 1.005,
    "priceFiftyTwoWeekLow": 0.4,
    "volumeAverage": 1267595.408602,
    "dateExDate": "2022-08-31",
    "datePayDate": "2022-10-07",
    "dateRecordDate": "2022-09-01",
    "dividend": 0.014,
    "dividendType": "F",
    "frankingPercent": 100,
    "cashFlow": -558.3,
    "earningsPerShare": -0.34423,
    "freeCashFlowYield": -0.0000100000010000001,
    "priceEarningsRatio": -99999.99,
    "priceToCash": -99999.99,
    "foreignExempt": false,
    "shareDescription": "Ordinary Fully Paid",
    "numOfShares": 495268318,
    "yieldAnnual": 9.278350515463917,
    "incomeStatement": [
      {
        "revenue": 440400000,
        "netIncome": -170300000,
        "period": "2022A",
        "fPeriodEndDate": 44742,
        "curCode": "AUD"
      },
      {
        "revenue": 444400000,
        "netIncome": 60100000,
        "period": "2021A",
        "fPeriodEndDate": 44377,
        "curCode": "AUD"
      },
      {
        "revenue": 474600000,
        "netIncome": 21400000,
        "period": "2020A",
        "fPeriodEndDate": 44012,
        "curCode": "AUD"
      },
      {
        "revenue": 487800000,
        "netIncome": 61700000,
        "period": "2019A",
        "fPeriodEndDate": 43646,
        "curCode": "AUD"
      }
    ]
  },
  {
    "symbol": "IPC",
    "displayName": "IMPERIAL PACIFIC LIMITED",
    "industry": "Diversified Financials",
    "dateListed": "1971-07-28",
    "marketCap": 7675775,
    "xid": "59813",
    "priceChangeFiveDayPercent": 0,
    "isRecentListing": false,
    "priceBid": 1.49,
    "priceChange": 0,
    "priceChangePercent": 0,
    "priceLast": 1.52,
    "sector": "Financials",
    "industryGroup": "Diversified Financials",
    "securityType": 1,
    "volume": 0,
    "statusCode": "CD",
    "isin": "AU000000IPC0",
    "priceClose": 1.52,
    "priceFiftyTwoWeekHigh": 1.52,
    "priceFiftyTwoWeekLow": 1.4,
    "volumeAverage": 5420.8,
    "dateExDate": "2022-10-03",
    "datePayDate": "2022-10-14",
    "dateRecordDate": "2022-10-04",
    "dividend": 0.0625,
    "dividendType": "F",
    "frankingPercent": 100,
    "cashFlow": -0.04526,
    "earningsPerShare": 0.15128,
    "freeCashFlowYield": 0.10158585681067141,
    "priceEarningsRatio": 10.04759,
    "priceToCash": 9.84389,
    "foreignExempt": false,
    "shareDescription": "Ordinary Fully Paid",
    "numOfShares": 5049852,
    "yieldAnnual": 4.1118421052631575,
    "incomeStatement": [
      {
        "revenue": 341720,
        "netIncome": 755960,
        "period": "2022A",
        "fPeriodEndDate": 44742,
        "curCode": "AUD"
      },
      {
        "revenue": 223900,
        "netIncome": -118140,
        "period": "2021A",
        "fPeriodEndDate": 44377,
        "curCode": "AUD"
      },
      {
        "revenue": 201220,
        "netIncome": -141790,
        "period": "2020A",
        "fPeriodEndDate": 44012,
        "curCode": "AUD"
      },
      {
        "revenue": 114720,
        "netIncome": -189200,
        "period": "2019A",
        "fPeriodEndDate": 43646,
        "curCode": "AUD"
      }
    ]
  },
  {
    "symbol": "IAM",
    "displayName": "INCOME ASSET MANAGEMENT GROUP LIMITED.",
    "industry": "Diversified Financials",
    "dateListed": "1987-01-14",
    "marketCap": 41433123,
    "xid": "238226",
    "priceChangeFiveDayPercent": 7.142857142857129,
    "isRecentListing": false,
    "priceAsk": 0.14,
    "priceBid": 0.125,
    "priceChange": 0,
    "priceChangePercent": 0,
    "priceLast": 0.15,
    "sector": "Financials",
    "industryGroup": "Diversified Financials",
    "securityType": null,
    "volume": 0,
    "statusCode": "",
    "isin": "AU0000200198",
    "priceClose": 0.15,
    "priceFiftyTwoWeekHigh": 0.365,
    "priceFiftyTwoWeekLow": 0.13,
    "volumeAverage": 80719.519231,
    "cashFlow": -7.31571,
    "earningsPerShare": -0.04291,
    "freeCashFlowYield": -0.0000100000010000001,
    "priceEarningsRatio": -99999.99,
    "priceToCash": -99999.99,
    "foreignExempt": false,
    "shareDescription": "Ordinary Fully Paid",
    "numOfShares": 276220821,
    "yieldAnnual": 0,
    "incomeStatement": [
      {
        "revenue": 7382250,
        "netIncome": -11593000,
        "period": "2022A",
        "fPeriodEndDate": 44742,
        "curCode": "AUD"
      },
      {
        "revenue": 4292170,
        "netIncome": -15293650,
        "period": "2021A",
        "fPeriodEndDate": 44377,
        "curCode": "AUD"
      },
      {
        "revenue": 1269490,
        "netIncome": -7351120,
        "period": "2020A",
        "fPeriodEndDate": 44012,
        "curCode": "AUD"
      },
      {
        "revenue": 1152540,
        "netIncome": -7313520,
        "period": "2019A",
        "fPeriodEndDate": 43646,
        "curCode": "AUD"
      }
    ]
  },
  {
    "symbol": "IFL",
    "displayName": "INSIGNIA FINANCIAL LTD",
    "industry": "Diversified Financials",
    "dateListed": "2003-12-05",
    "marketCap": 1889657079,
    "xid": "164151",
    "priceChangeFiveDayPercent": -6.050955414012736,
    "isRecentListing": false,
    "priceAsk": 2.98,
    "priceBid": 2.94,
    "priceChange": 0.06000000000000005,
    "priceChangePercent": 2.07612456747405,
    "priceLast": 2.95,
    "sector": "Financials",
    "industryGroup": "Diversified Financials",
    "securityType": 1,
    "volume": 2005199,
    "statusCode": "XD",
    "isin": "AU000000IFL2",
    "priceClose": 2.89,
    "priceDayHigh": 2.98,
    "priceDayLow": 2.94,
    "priceFiftyTwoWeekHigh": 4.64,
    "priceFiftyTwoWeekLow": 2.55,
    "volumeAverage": 2077671.634409,
    "dateExDate": "2022-09-07",
    "datePayDate": "2022-09-29",
    "dateRecordDate": "2022-09-08",
    "dividend": 0.118,
    "dividendType": "F",
    "frankingPercent": 100,
    "cashFlow": -200.2,
    "earningsPerShare": 0.04243,
    "freeCashFlowYield": 0.08154957235404259,
    "priceEarningsRatio": 69.52628,
    "priceToCash": 12.26248,
    "foreignExempt": false,
    "shareDescription": "Ordinary Fully Paid",
    "numOfShares": 653860581,
    "yieldAnnual": 8.166089965397923,
    "incomeStatement": [
      {
        "revenue": 2156400000,
        "netIncome": 36800000,
        "period": "2022A",
        "fPeriodEndDate": 44742,
        "curCode": "AUD"
      },
      {
        "revenue": 1302400000,
        "netIncome": -142600000,
        "period": "2021A",
        "fPeriodEndDate": 44377,
        "curCode": "AUD"
      },
      {
        "revenue": 1100300000,
        "netIncome": 141200000,
        "period": "2020A",
        "fPeriodEndDate": 44012,
        "curCode": "AUD"
      },
      {
        "revenue": 1120664000,
        "netIncome": 28560000,
        "period": "2019A",
        "fPeriodEndDate": 43646,
        "curCode": "AUD"
      }
    ]
  },
  {
    "symbol": "INV",
    "displayName": "INVESTSMART GROUP LIMITED",
    "industry": "Diversified Financials",
    "dateListed": "2005-04-21",
    "marketCap": 39087776,
    "xid": "1657170",
    "priceChangeFiveDayPercent": 0,
    "isRecentListing": false,
    "priceAsk": 0.28,
    "priceBid": 0.215,
    "priceChange": 0,
    "priceChangePercent": 0,
    "priceLast": 0.28,
    "sector": "Financials",
    "industryGroup": "Diversified Financials",
    "securityType": 1,
    "volume": 1728,
    "statusCode": "",
    "isin": "AU000000INV5",
    "priceClose": 0.28,
    "priceDayHigh": 0.28,
    "priceDayLow": 0.28,
    "priceFiftyTwoWeekHigh": 0.52,
    "priceFiftyTwoWeekLow": 0.16,
    "volumeAverage": 40825.545455,
    "cashFlow": -1.43829,
    "earningsPerShare": -0.0067,
    "freeCashFlowYield": 0.002043605639697612,
    "priceEarningsRatio": -99999.99,
    "priceToCash": 489.3312,
    "foreignExempt": false,
    "shareDescription": "Ordinary Fully Paid",
    "numOfShares": 139599201,
    "yieldAnnual": 0,
    "incomeStatement": [
      {
        "revenue": 9268980,
        "netIncome": -740180,
        "period": "2022A",
        "fPeriodEndDate": 44742,
        "curCode": "AUD"
      },
      {
        "revenue": 9671350,
        "netIncome": 35780,
        "period": "2021A",
        "fPeriodEndDate": 44377,
        "curCode": "AUD"
      },
      {
        "revenue": 10613050,
        "netIncome": -1335660,
        "period": "2020A",
        "fPeriodEndDate": 44012,
        "curCode": "AUD"
      },
      {
        "revenue": 11987380,
        "netIncome": -1770850,
        "period": "2019A",
        "fPeriodEndDate": 43646,
        "curCode": "AUD"
      }
    ]
  },
  {
    "symbol": "JHG",
    "displayName": "JANUS HENDERSON GROUP PLC",
    "industry": "Diversified Financials",
    "dateListed": "2008-10-27",
    "marketCap": 6033989263,
    "xid": "146251",
    "priceChangeFiveDayPercent": -3.5021707670043236,
    "isRecentListing": false,
    "priceAsk": 35.27,
    "priceBid": 33.33,
    "priceChange": 0.25,
    "priceChangePercent": 0.7555152614082804,
    "priceLast": 33.34,
    "sector": "Financials",
    "industryGroup": "Diversified Financials",
    "securityType": 1,
    "volume": 44427,
    "statusCode": "",
    "isin": "AU000000JHG6",
    "priceClose": 33.09,
    "priceDayHigh": 33.78,
    "priceDayLow": 33.17,
    "priceFiftyTwoWeekHigh": 66.31,
    "priceFiftyTwoWeekLow": 32.53,
    "volumeAverage": 126633.784946,
    "dateExDate": "2022-08-05",
    "datePayDate": "2022-08-24",
    "dateRecordDate": "2022-08-08",
    "dividend": 0.5601,
    "dividendType": "I",
    "frankingPercent": 0,
    "cashFlow": 430.1,
    "earningsPerShare": 2.94538,
    "freeCashFlowYield": 0.11578415980066599,
    "priceEarningsRatio": 7.33352,
    "priceToCash": 8.63676,
    "foreignExempt": false,
    "shareDescription": "Chess Depositary Interests 1:1",
    "numOfShares": 182350839,
    "yieldAnnual": 6.553641583559988,
    "incomeStatement": [
      {
        "revenue": 2767000000,
        "netIncome": 622100000,
        "period": "2021A",
        "fPeriodEndDate": 44561,
        "curCode": "USD"
      },
      {
        "revenue": 2298600000,
        "netIncome": 161600000,
        "period": "2020A",
        "fPeriodEndDate": 44196,
        "curCode": "USD"
      },
      {
        "revenue": 2192400000,
        "netIncome": 427600000,
        "period": "2019A",
        "fPeriodEndDate": 43830,
        "curCode": "USD"
      },
      {
        "revenue": 2306400000,
        "netIncome": 523800000,
        "period": "2018A",
        "fPeriodEndDate": 43465,
        "curCode": "USD"
      }
    ]
  },
  {
    "symbol": "KAM",
    "displayName": "K2 ASSET MANAGEMENT HOLDINGS LTD",
    "industry": "Diversified Financials",
    "dateListed": "2007-11-29",
    "marketCap": 11572089,
    "xid": "8307633",
    "priceChangeFiveDayPercent": 0,
    "isRecentListing": false,
    "priceAsk": 0.05,
    "priceBid": 0.049,
    "priceChange": 0.0010000000000000009,
    "priceChangePercent": 2.0833333333333353,
    "priceLast": 0.049,
    "sector": "Financials",
    "industryGroup": "Diversified Financials",
    "securityType": 1,
    "volume": 164448,
    "statusCode": "",
    "isin": "AU000000KAM7",
    "priceClose": 0.048,
    "priceDayHigh": 0.049,
    "priceDayLow": 0.049,
    "priceFiftyTwoWeekHigh": 0.081,
    "priceFiftyTwoWeekLow": 0.047,
    "volumeAverage": 279053.75,
    "dateExDate": "2018-02-19",
    "datePayDate": "2018-02-27",
    "dateRecordDate": "2018-02-20",
    "dividend": 0.005,
    "dividendType": "I",
    "frankingPercent": 100,
    "cashFlow": 0.08288,
    "earningsPerShare": -0.00999,
    "freeCashFlowYield": -0.0000100000010000001,
    "priceEarningsRatio": -99999.99,
    "priceToCash": -99999.99,
    "foreignExempt": false,
    "shareDescription": "Ordinary Fully Paid",
    "numOfShares": 241085196,
    "yieldAnnual": 0,
    "incomeStatement": [
      {
        "revenue": 2121190,
        "netIncome": -2412090,
        "period": "2022A",
        "fPeriodEndDate": 44742,
        "curCode": "AUD"
      },
      {
        "revenue": 4468610,
        "netIncome": 215760,
        "period": "2021A",
        "fPeriodEndDate": 44377,
        "curCode": "AUD"
      },
      {
        "revenue": 3146380,
        "netIncome": -740670,
        "period": "2020A",
        "fPeriodEndDate": 44012,
        "curCode": "AUD"
      },
      {
        "revenue": 4798730,
        "netIncome": -1341890,
        "period": "2019A",
        "fPeriodEndDate": 43646,
        "curCode": "AUD"
      }
    ]
  },
  {
    "symbol": "KBC",
    "displayName": "KEYBRIDGE CAPITAL LIMITED",
    "industry": "Diversified Financials",
    "dateListed": "1999-12-23",
    "marketCap": 14898649,
    "xid": "1742273",
    "priceChangeFiveDayPercent": 0,
    "isRecentListing": false,
    "priceAsk": 0.09,
    "priceBid": 0.069,
    "priceChange": 0,
    "priceChangePercent": 0,
    "priceLast": 0.07,
    "sector": "Financials",
    "industryGroup": "Diversified Financials",
    "securityType": 1,
    "volume": 0,
    "statusCode": "",
    "isin": "AU000000KBC6",
    "priceClose": 0.07,
    "priceFiftyTwoWeekHigh": 0.1,
    "priceFiftyTwoWeekLow": 0.07,
    "volumeAverage": 16359.833333,
    "dateExDate": "2018-09-20",
    "datePayDate": "2018-09-28",
    "dateRecordDate": "2018-09-21",
    "dividend": 0.005,
    "dividendType": "F",
    "frankingPercent": 100,
    "cashFlow": -1.03391,
    "earningsPerShare": 0.02407,
    "freeCashFlowYield": -0.0000100000010000001,
    "priceEarningsRatio": 2.90818,
    "priceToCash": -99999.99,
    "foreignExempt": false,
    "shareDescription": "Ordinary Fully Paid",
    "numOfShares": 212837836,
    "yieldAnnual": 0,
    "incomeStatement": [
      {
        "revenue": 71095890,
        "netIncome": 2930250,
        "period": "2021A",
        "fPeriodEndDate": 44377,
        "curCode": "AUD"
      },
      {
        "revenue": 348470,
        "netIncome": -3848350,
        "period": "2020A",
        "fPeriodEndDate": 44012,
        "curCode": "AUD"
      },
      {
        "revenue": 1282520,
        "netIncome": -3608530,
        "period": "2019A",
        "fPeriodEndDate": 43646,
        "curCode": "AUD"
      },
      {
        "revenue": 832360,
        "netIncome": -6805860,
        "period": "2018A",
        "fPeriodEndDate": 43281,
        "curCode": "AUD"
      }
    ]
  },
  {
    "symbol": "LFS",
    "displayName": "LATITUDE GROUP HOLDINGS LIMITED",
    "industry": "Diversified Financials",
    "dateListed": "2021-04-20",
    "marketCap": 1349999999,
    "xid": "653003044",
    "priceChangeFiveDayPercent": -3.284671532846726,
    "isRecentListing": false,
    "priceAsk": 1.345,
    "priceBid": 1.28,
    "priceChange": 0.02499999999999991,
    "priceChangePercent": 1.9230769230769162,
    "priceLast": 1.325,
    "sector": "Financials",
    "industryGroup": "Diversified Financials",
    "securityType": 1,
    "volume": 116073,
    "statusCode": "XD",
    "isin": "AU0000143687",
    "priceClose": 1.3,
    "priceDayHigh": 1.345,
    "priceDayLow": 1.28,
    "priceFiftyTwoWeekHigh": 2.3,
    "priceFiftyTwoWeekLow": 1.055,
    "volumeAverage": 147981.622222,
    "dateExDate": "2022-09-23",
    "datePayDate": "2022-10-26",
    "dateRecordDate": "2022-09-26",
    "dividend": 0.0785,
    "dividendType": "I",
    "frankingPercent": 100,
    "cashFlow": 36.8,
    "earningsPerShare": 0.10546,
    "freeCashFlowYield": 0.1596821686115955,
    "priceEarningsRatio": 12.37436,
    "priceToCash": 6.26244,
    "foreignExempt": false,
    "shareDescription": "Ordinary Fully Paid",
    "numOfShares": 1038461538,
    "yieldAnnual": 0,
    "incomeStatement": [
      {
        "revenue": 993400000,
        "netIncome": 160900000,
        "period": "2021A",
        "fPeriodEndDate": 44561,
        "curCode": "AUD"
      },
      {
        "revenue": 1130600000,
        "netIncome": 45200000,
        "period": "2020A",
        "fPeriodEndDate": 44196,
        "curCode": "AUD"
      },
      {
        "revenue": 1312819000,
        "netIncome": 28938000,
        "period": "2019A",
        "fPeriodEndDate": 43830,
        "curCode": "AUD"
      },
      {
        "revenue": 1271779000,
        "netIncome": 51354000,
        "period": "2018A",
        "fPeriodEndDate": 43465,
        "curCode": "AUD"
      }
    ]
  },
  {
    "symbol": "LAW",
    "displayName": "LAWFINANCE LIMITED",
    "industry": "Diversified Financials",
    "dateListed": "2000-05-12",
    "marketCap": 8915329,
    "xid": "664937461",
    "priceChangeFiveDayPercent": -6.6666666666666545,
    "isRecentListing": false,
    "priceAsk": 0.36,
    "priceBid": 0.14,
    "priceChange": 0,
    "priceChangePercent": 0,
    "priceLast": 0.14,
    "securityType": 1,
    "volume": 0,
    "statusCode": "",
    "isin": "AU0000036659",
    "priceClose": 0.14,
    "priceFiftyTwoWeekHigh": 1.01056,
    "priceFiftyTwoWeekLow": 0.13,
    "volumeAverage": 60477.053571,
    "cashFlow": -16.25711,
    "earningsPerShare": -0.40162,
    "freeCashFlowYield": -0.0000100000010000001,
    "priceEarningsRatio": -99999.99,
    "priceToCash": -99999.99,
    "foreignExempt": false,
    "shareDescription": "Ordinary Fully Paid",
    "numOfShares": 63680919,
    "yieldAnnual": 0,
    "incomeStatement": [
      {
        "revenue": 8384000,
        "netIncome": -21256000,
        "period": "2021A",
        "fPeriodEndDate": 44561,
        "curCode": "USD"
      },
      {
        "revenue": 10619000,
        "netIncome": -78474000,
        "period": "2020A",
        "fPeriodEndDate": 44196,
        "curCode": "USD"
      },
      {
        "revenue": 7741000,
        "netIncome": -22762000,
        "period": "2019A",
        "fPeriodEndDate": 43830,
        "curCode": "USD"
      },
      {
        "revenue": 2357000,
        "netIncome": -11340000,
        "period": "2018A",
        "fPeriodEndDate": 43465,
        "curCode": "USD"
      }
    ]
  },
  {
    "symbol": "LCE",
    "displayName": "LONDON CITY EQUITIES LIMITED",
    "industry": "Diversified Financials",
    "dateListed": "1987-03-06",
    "marketCap": 15478802,
    "xid": "181905",
    "priceChangeFiveDayPercent": 0,
    "isRecentListing": false,
    "priceBid": 0.505,
    "priceChange": 0,
    "priceChangePercent": 0,
    "priceLast": 0.505,
    "sector": "Financials",
    "industryGroup": "Diversified Financials",
    "securityType": 1,
    "volume": 0,
    "statusCode": "CD",
    "isin": "AU000000LCE8",
    "priceClose": 0.505,
    "priceFiftyTwoWeekHigh": 0.515,
    "priceFiftyTwoWeekLow": 0.45,
    "volumeAverage": 84,
    "dateExDate": "2022-10-03",
    "datePayDate": "2022-10-14",
    "dateRecordDate": "2022-10-04",
    "dividend": 0.014,
    "dividendType": "F",
    "frankingPercent": 100,
    "cashFlow": 1.50906,
    "earningsPerShare": 0.0595,
    "freeCashFlowYield": -0.0000100000010000001,
    "priceEarningsRatio": 8.48739,
    "priceToCash": -99999.99,
    "foreignExempt": false,
    "shareDescription": "Ordinary Fully Paid",
    "numOfShares": 30651093,
    "yieldAnnual": 2.772277227722772,
    "incomeStatement": [
      {
        "revenue": 2413080,
        "netIncome": 1812050,
        "period": "2022A",
        "fPeriodEndDate": 44742,
        "curCode": "AUD"
      },
      {
        "revenue": 558890,
        "netIncome": -29170,
        "period": "2021A",
        "fPeriodEndDate": 44377,
        "curCode": "AUD"
      },
      {
        "revenue": 513450,
        "netIncome": 48030,
        "period": "2020A",
        "fPeriodEndDate": 44012,
        "curCode": "AUD"
      },
      {
        "revenue": 469880,
        "netIncome": -10100,
        "period": "2019A",
        "fPeriodEndDate": 43646,
        "curCode": "AUD"
      }
    ]
  },
  {
    "symbol": "MAF",
    "displayName": "MA FINANCIAL GROUP LIMITED",
    "industry": "Diversified Financials",
    "dateListed": "2017-04-10",
    "marketCap": 700353806,
    "xid": "403811203",
    "priceChangeFiveDayPercent": -7.441860465116276,
    "isRecentListing": false,
    "priceAsk": 3.98,
    "priceBid": 3.9,
    "priceChange": 0,
    "priceChangePercent": 0,
    "priceLast": 3.98,
    "sector": "Financials",
    "industryGroup": "Diversified Financials",
    "securityType": 1,
    "volume": 336711,
    "statusCode": "",
    "isin": "AU0000156218",
    "priceClose": 3.98,
    "priceDayHigh": 4.08,
    "priceDayLow": 3.96,
    "priceFiftyTwoWeekHigh": 9.87,
    "priceFiftyTwoWeekLow": 3.82,
    "volumeAverage": 354312.83871,
    "dateExDate": "2022-08-30",
    "datePayDate": "2022-09-21",
    "dateRecordDate": "2022-08-31",
    "dividend": 0.06,
    "dividendType": "I",
    "frankingPercent": 100,
    "cashFlow": 29.611,
    "earningsPerShare": 0.2382,
    "freeCashFlowYield": 0.07030860556239503,
    "priceEarningsRatio": 17.29639,
    "priceToCash": 14.22301,
    "foreignExempt": false,
    "shareDescription": "Ordinary Fully Paid",
    "numOfShares": 175968293,
    "yieldAnnual": 0,
    "incomeStatement": [
      {
        "revenue": 236099000,
        "netIncome": 32041000,
        "period": "2021A",
        "fPeriodEndDate": 44561,
        "curCode": "AUD"
      },
      {
        "revenue": 175381000,
        "netIncome": 26480000,
        "period": "2020A",
        "fPeriodEndDate": 44196,
        "curCode": "AUD"
      },
      {
        "revenue": 161774000,
        "netIncome": 23494000,
        "period": "2019A",
        "fPeriodEndDate": 43830,
        "curCode": "AUD"
      },
      {
        "revenue": 149791000,
        "netIncome": 29384000,
        "period": "2018A",
        "fPeriodEndDate": 43465,
        "curCode": "AUD"
      }
    ]
  },
  {
    "symbol": "MQG",
    "displayName": "MACQUARIE GROUP LIMITED",
    "industry": "Diversified Financials",
    "dateListed": "2007-11-05",
    "marketCap": 61078786202,
    "xid": "197202",
    "priceChangeFiveDayPercent": -6.642865503921352,
    "isRecentListing": false,
    "priceAsk": 160.18,
    "priceBid": 159.51,
    "priceChange": 1.4699999999999989,
    "priceChangePercent": 0.9301442672741072,
    "priceLast": 159.51,
    "sector": "Financials",
    "industryGroup": "Diversified Financials",
    "securityType": 1,
    "volume": 966730,
    "statusCode": "",
    "isin": "AU000000MQG1",
    "priceClose": 158.04,
    "priceDayHigh": 161.16,
    "priceDayLow": 159.22,
    "priceFiftyTwoWeekHigh": 217.32,
    "priceFiftyTwoWeekLow": 157.03,
    "volumeAverage": 917307.376344,
    "dateExDate": "2022-05-16",
    "datePayDate": "2022-07-04",
    "dateRecordDate": "2022-05-17",
    "dividend": 3.5,
    "dividendType": "F",
    "frankingPercent": 40,
    "cashFlow": 47763,
    "earningsPerShare": 12.28007,
    "freeCashFlowYield": 0.09124703675248147,
    "priceEarningsRatio": 13.31589,
    "priceToCash": 10.95926,
    "foreignExempt": false,
    "shareDescription": "Ordinary Fully Paid",
    "numOfShares": 386476754,
    "yieldAnnual": 3.935712477853708,
    "incomeStatement": [
      {
        "revenue": 18286000000,
        "netIncome": 4706000000,
        "period": "2022A",
        "fPeriodEndDate": 44651,
        "curCode": "AUD"
      },
      {
        "revenue": 14097000000,
        "netIncome": 3015000000,
        "period": "2021A",
        "fPeriodEndDate": 44286,
        "curCode": "AUD"
      },
      {
        "revenue": 14439000000,
        "netIncome": 2731000000,
        "period": "2020A",
        "fPeriodEndDate": 43921,
        "curCode": "AUD"
      },
      {
        "revenue": 14735000000,
        "netIncome": 2982000000,
        "period": "2019A",
        "fPeriodEndDate": 43555,
        "curCode": "AUD"
      }
    ]
  },
  {
    "symbol": "MFG",
    "displayName": "MAGELLAN FINANCIAL GROUP LIMITED",
    "industry": "Diversified Financials",
    "dateListed": "2004-07-01",
    "marketCap": 2090747391,
    "xid": "228587",
    "priceChangeFiveDayPercent": -2.9288702928870265,
    "isRecentListing": false,
    "priceAsk": 11.700000000000001,
    "priceBid": 11.58,
    "priceChange": 0.22999999999999865,
    "priceChangePercent": 2.0228671943711403,
    "priceLast": 11.6,
    "sector": "Financials",
    "industryGroup": "Diversified Financials",
    "securityType": 1,
    "volume": 1000555,
    "statusCode": "",
    "isin": "AU000000MFG4",
    "priceClose": 11.370000000000001,
    "priceDayHigh": 11.85,
    "priceDayLow": 11.53,
    "priceFiftyTwoWeekHigh": 36.9,
    "priceFiftyTwoWeekLow": 11.05,
    "volumeAverage": 1163466.774194,
    "dateExDate": "2022-08-22",
    "datePayDate": "2022-09-06",
    "dateRecordDate": "2022-08-23",
    "dividend": 0.689,
    "dividendType": "F",
    "frankingPercent": 80,
    "cashFlow": 52.546,
    "earningsPerShare": 2.07084,
    "freeCashFlowYield": 0.18711559440075298,
    "priceEarningsRatio": 5.47121,
    "priceToCash": 5.34429,
    "foreignExempt": false,
    "shareDescription": "Ordinary Fully Paid",
    "numOfShares": 183882796,
    "yieldAnnual": 15.743183817062445,
    "incomeStatement": [
      {
        "revenue": 550080000,
        "netIncome": 383011000,
        "period": "2022A",
        "fPeriodEndDate": 44742,
        "curCode": "AUD"
      },
      {
        "revenue": 719858000,
        "netIncome": 265156000,
        "period": "2021A",
        "fPeriodEndDate": 44377,
        "curCode": "AUD"
      },
      {
        "revenue": 694762000,
        "netIncome": 396214000,
        "period": "2020A",
        "fPeriodEndDate": 44012,
        "curCode": "AUD"
      },
      {
        "revenue": 615578000,
        "netIncome": 376947000,
        "period": "2019A",
        "fPeriodEndDate": 43646,
        "curCode": "AUD"
      }
    ]
  },
  {
    "symbol": "MCX",
    "displayName": "MARINER CORPORATION LIMITED",
    "industry": "Diversified Financials",
    "dateListed": "1986-06-20",
    "marketCap": -1,
    "xid": "199804",
    "priceChangeFiveDayPercent": 0,
    "isRecentListing": false,
    "priceChange": 0,
    "priceChangePercent": 0,
    "priceLast": 0.031,
    "sector": "Financials",
    "industryGroup": "Diversified Financials",
    "securityType": 1,
    "volume": 0,
    "statusCode": "",
    "isin": "AU000000MCX6",
    "priceClose": 0.031,
    "priceFiftyTwoWeekHigh": 0.056,
    "priceFiftyTwoWeekLow": 0.03,
    "dateExDate": "2012-09-10",
    "datePayDate": "2012-10-19",
    "dateRecordDate": "2012-09-14",
    "dividend": 0.01,
    "dividendType": "F",
    "frankingPercent": 0,
    "cashFlow": -0.47797,
    "earningsPerShare": -0.0129,
    "freeCashFlowYield": -0.0000100000010000001,
    "priceEarningsRatio": -99999.99,
    "priceToCash": -99999.99,
    "foreignExempt": false,
    "shareDescription": "Ordinary Fully Paid",
    "numOfShares": 48053222,
    "yieldAnnual": 0,
    "incomeStatement": [
      {
        "revenue": 160470,
        "netIncome": -436880,
        "period": "2022A",
        "fPeriodEndDate": 44742,
        "curCode": "AUD"
      },
      {
        "revenue": 85700,
        "netIncome": -595750,
        "period": "2021A",
        "fPeriodEndDate": 44377,
        "curCode": "AUD"
      },
      {
        "revenue": 0,
        "netIncome": -429600,
        "period": "2020A",
        "fPeriodEndDate": 44012,
        "curCode": "AUD"
      },
      {
        "revenue": 400000,
        "netIncome": -17570,
        "period": "2019A",
        "fPeriodEndDate": 43646,
        "curCode": "AUD"
      }
    ]
  },
  {
    "symbol": "MAM",
    "displayName": "MICROEQUITIES ASSET MANAGEMENT GROUP LIMITED",
    "industry": "Diversified Financials",
    "dateListed": "2018-04-30",
    "marketCap": 78805156,
    "xid": "460885903",
    "priceChangeFiveDayPercent": -2.479338842975209,
    "isRecentListing": false,
    "priceAsk": 0.59,
    "priceBid": 0.5700000000000001,
    "priceChange": 0,
    "priceChangePercent": 0,
    "priceLast": 0.59,
    "sector": "Financials",
    "industryGroup": "Diversified Financials",
    "securityType": 1,
    "volume": 0,
    "statusCode": "",
    "isin": "AU0000004517",
    "priceClose": 0.59,
    "priceFiftyTwoWeekHigh": 1,
    "priceFiftyTwoWeekLow": 0.53,
    "volumeAverage": 37323.894118,
    "dateExDate": "2022-08-18",
    "datePayDate": "2022-09-02",
    "dateRecordDate": "2022-08-19",
    "dividend": 0.02,
    "dividendType": "F",
    "frankingPercent": 100,
    "cashFlow": -0.29836,
    "earningsPerShare": 0.10685,
    "freeCashFlowYield": 0.1861722428356267,
    "priceEarningsRatio": 5.47496,
    "priceToCash": 5.37137,
    "foreignExempt": false,
    "shareDescription": "Ordinary Fully Paid",
    "numOfShares": 133568061,
    "yieldAnnual": 0,
    "incomeStatement": [
      {
        "revenue": 23049230,
        "netIncome": 14114210,
        "period": "2022A",
        "fPeriodEndDate": 44742,
        "curCode": "AUD"
      },
      {
        "revenue": 22804480,
        "netIncome": 14012710,
        "period": "2021A",
        "fPeriodEndDate": 44377,
        "curCode": "AUD"
      },
      {
        "revenue": 7683930,
        "netIncome": 3344100,
        "period": "2020A",
        "fPeriodEndDate": 44012,
        "curCode": "AUD"
      },
      {
        "revenue": 7468250,
        "netIncome": 2532960,
        "period": "2019A",
        "fPeriodEndDate": 43646,
        "curCode": "AUD"
      }
    ]
  },
  {
    "symbol": "MNY",
    "displayName": "MONEY3 CORPORATION LIMITED",
    "industry": "Diversified Financials",
    "dateListed": "2006-10-19",
    "marketCap": 386352069,
    "xid": "5457155",
    "priceChangeFiveDayPercent": -9.178743961352644,
    "isRecentListing": false,
    "priceAsk": 1.98,
    "priceBid": 1.8,
    "priceChange": 0.07000000000000006,
    "priceChangePercent": 3.8674033149171305,
    "priceLast": 1.8800000000000001,
    "sector": "Financials",
    "industryGroup": "Diversified Financials",
    "securityType": 1,
    "volume": 192675,
    "statusCode": "XD",
    "isin": "AU000000MNY1",
    "priceClose": 1.81,
    "priceDayHigh": 1.8800000000000001,
    "priceDayLow": 1.82,
    "priceFiftyTwoWeekHigh": 3.605,
    "priceFiftyTwoWeekLow": 1.705,
    "volumeAverage": 364612.806452,
    "dateExDate": "2022-09-01",
    "datePayDate": "2022-10-06",
    "dateRecordDate": "2022-09-02",
    "dividend": 0.07,
    "dividendType": "F",
    "frankingPercent": 100,
    "cashFlow": -92.226,
    "earningsPerShare": 0.2418,
    "freeCashFlowYield": 0.13422332345002264,
    "priceEarningsRatio": 7.77502,
    "priceToCash": 7.45027,
    "foreignExempt": false,
    "shareDescription": "Ordinary Fully Paid",
    "numOfShares": 213454182,
    "yieldAnnual": 3.8674033149171274,
    "incomeStatement": [
      {
        "revenue": 187878000,
        "netIncome": 51632000,
        "period": "2022A",
        "fPeriodEndDate": 44742,
        "curCode": "AUD"
      },
      {
        "revenue": 145103000,
        "netIncome": 39165000,
        "period": "2021A",
        "fPeriodEndDate": 44377,
        "curCode": "AUD"
      },
      {
        "revenue": 124034000,
        "netIncome": 24192000,
        "period": "2020A",
        "fPeriodEndDate": 44012,
        "curCode": "AUD"
      },
      {
        "revenue": 91703000,
        "netIncome": 28358000,
        "period": "2019A",
        "fPeriodEndDate": 43646,
        "curCode": "AUD"
      }
    ]
  },
  {
    "symbol": "MME",
    "displayName": "MONEYME LIMITED",
    "industry": "Diversified Financials",
    "dateListed": "2019-12-12",
    "marketCap": 95733508,
    "xid": "566242155",
    "priceChangeFiveDayPercent": -12.499999999999996,
    "isRecentListing": false,
    "priceAsk": 0.36,
    "priceBid": 0.35000000000000003,
    "priceChange": 0,
    "priceChangePercent": 0,
    "priceLast": 0.35000000000000003,
    "sector": "Financials",
    "industryGroup": "Diversified Financials",
    "securityType": 1,
    "volume": 1794937,
    "statusCode": "",
    "isin": "AU0000066045",
    "priceClose": 0.35000000000000003,
    "priceDayHigh": 0.37,
    "priceDayLow": 0.35000000000000003,
    "priceFiftyTwoWeekHigh": 2.25,
    "priceFiftyTwoWeekLow": 0.35,
    "volumeAverage": 311494.633333,
    "cashFlow": 75.323,
    "earningsPerShare": -0.25958,
    "freeCashFlowYield": -0.0000100000010000001,
    "priceEarningsRatio": -99999.99,
    "priceToCash": -99999.99,
    "foreignExempt": false,
    "shareDescription": "Ordinary Fully Paid",
    "numOfShares": 273524309,
    "yieldAnnual": 0,
    "incomeStatement": [
      {
        "revenue": 143073000,
        "netIncome": -50364000,
        "period": "2022A",
        "fPeriodEndDate": 44742,
        "curCode": "AUD"
      },
      {
        "revenue": 57574000,
        "netIncome": -7929000,
        "period": "2021A",
        "fPeriodEndDate": 44377,
        "curCode": "AUD"
      },
      {
        "revenue": 47671000,
        "netIncome": 1299000,
        "period": "2020A",
        "fPeriodEndDate": 44012,
        "curCode": "AUD"
      },
      {
        "revenue": 31894000,
        "netIncome": 324000,
        "period": "2019A",
        "fPeriodEndDate": 43646,
        "curCode": "AUD"
      }
    ]
  },
  {
    "symbol": "MEC",
    "displayName": "MORPHIC ETHICAL EQUITIES FUND LIMITED",
    "industry": "Diversified Financials",
    "dateListed": "2017-05-03",
    "marketCap": 50171081,
    "xid": "408056701",
    "priceChangeFiveDayPercent": -8.771929824561404,
    "isRecentListing": false,
    "priceAsk": 0.91,
    "priceBid": 0.88,
    "priceChange": -0.030000000000000027,
    "priceChangePercent": -3.1914893617021303,
    "priceLast": 0.91,
    "sector": "Financials",
    "industryGroup": "Diversified Financials",
    "securityType": 1,
    "volume": 18253,
    "statusCode": "",
    "isin": "AU000000MEC6",
    "priceClose": 0.9400000000000001,
    "priceDayHigh": 0.9425,
    "priceDayLow": 0.91,
    "priceFiftyTwoWeekHigh": 1.405,
    "priceFiftyTwoWeekLow": 0.91,
    "volumeAverage": 14768.014925,
    "dateExDate": "2022-09-05",
    "datePayDate": "2022-09-23",
    "dateRecordDate": "2022-09-06",
    "dividend": 0.015,
    "dividendType": "F",
    "frankingPercent": 100,
    "cashFlow": -99999.99,
    "earningsPerShare": -99999.99,
    "freeCashFlowYield": -0.0000100000010000001,
    "priceEarningsRatio": -99999.99,
    "priceToCash": -99999.99,
    "foreignExempt": false,
    "shareDescription": "Ordinary Fully Paid",
    "numOfShares": 53373490,
    "yieldAnnual": 0,
    "incomeStatement": [
      {
        "revenue": -15226440,
        "netIncome": -11321640,
        "period": "2022A",
        "fPeriodEndDate": 44742,
        "curCode": "AUD"
      },
      {
        "revenue": 21832110,
        "netIncome": 13937960,
        "period": "2021A",
        "fPeriodEndDate": 44469,
        "curCode": "AUD"
      },
      {
        "revenue": 6487140,
        "netIncome": 2432850,
        "period": "2020A",
        "fPeriodEndDate": 44104,
        "curCode": "AUD"
      },
      {
        "revenue": 4765140,
        "netIncome": 1407790,
        "period": "2019A",
        "fPeriodEndDate": 43738,
        "curCode": "AUD"
      }
    ]
  },
  {
    "symbol": "MPR",
    "displayName": "MPOWER GROUP LIMITED",
    "industry": "Diversified Financials",
    "dateListed": "1974-01-01",
    "marketCap": 6113139,
    "xid": "264877",
    "priceChangeFiveDayPercent": 0,
    "isRecentListing": false,
    "priceAsk": 0.022,
    "priceBid": 0.021,
    "priceChange": 0,
    "priceChangePercent": 0,
    "priceLast": 0.022,
    "sector": "Financials",
    "industryGroup": "Diversified Financials",
    "securityType": 1,
    "volume": 666047,
    "statusCode": "",
    "isin": "AU0000038341",
    "priceClose": 0.022,
    "priceDayHigh": 0.022,
    "priceDayLow": 0.022,
    "priceFiftyTwoWeekHigh": 0.075,
    "priceFiftyTwoWeekLow": 0.02,
    "volumeAverage": 362257.455696,
    "dateExDate": "2012-09-20",
    "datePayDate": "2012-10-04",
    "dateRecordDate": "2012-09-26",
    "dividend": 0.05,
    "dividendType": "F",
    "frankingPercent": 100,
    "cashFlow": -2.58,
    "earningsPerShare": -0.01604,
    "freeCashFlowYield": -0.0000100000010000001,
    "priceEarningsRatio": -99999.99,
    "priceToCash": -99999.99,
    "foreignExempt": false,
    "shareDescription": "Ordinary Fully Paid",
    "numOfShares": 277869946,
    "yieldAnnual": 0,
    "incomeStatement": [
      {
        "revenue": 3708000,
        "netIncome": -3536000,
        "period": "2022A",
        "fPeriodEndDate": 44742,
        "curCode": "AUD"
      },
      {
        "revenue": 11037000,
        "netIncome": -2065000,
        "period": "2021A",
        "fPeriodEndDate": 44377,
        "curCode": "AUD"
      },
      {
        "revenue": 10930000,
        "netIncome": -4213000,
        "period": "2020A",
        "fPeriodEndDate": 44012,
        "curCode": "AUD"
      },
      {
        "revenue": 21583000,
        "netIncome": -6163000,
        "period": "2019A",
        "fPeriodEndDate": 43646,
        "curCode": "AUD"
      }
    ]
  },
  {
    "symbol": "NGI",
    "displayName": "NAVIGATOR GLOBAL INVESTMENTS LIMITED",
    "industry": "Diversified Financials",
    "dateListed": "2006-04-28",
    "marketCap": 268688893,
    "xid": "4574062",
    "priceChangeFiveDayPercent": -11.627906976744178,
    "isRecentListing": false,
    "priceAsk": 1.165,
    "priceBid": 1.1400000000000001,
    "priceChange": 0,
    "priceChangePercent": 0,
    "priceLast": 1.1400000000000001,
    "sector": "Financials",
    "industryGroup": "Diversified Financials",
    "securityType": 1,
    "volume": 137563,
    "statusCode": "",
    "isin": "AU000000NGI6",
    "priceClose": 1.1400000000000001,
    "priceDayHigh": 1.175,
    "priceDayLow": 1.1400000000000001,
    "priceFiftyTwoWeekHigh": 2.02,
    "priceFiftyTwoWeekLow": 1.13,
    "volumeAverage": 347640.107527,
    "dateExDate": "2022-08-31",
    "datePayDate": "2022-09-16",
    "dateRecordDate": "2022-09-01",
    "dividend": 0.0439,
    "dividendType": "F",
    "frankingPercent": 0,
    "cashFlow": 85.04381,
    "earningsPerShare": 0.21572,
    "freeCashFlowYield": 0.23975008451190483,
    "priceEarningsRatio": 5.47006,
    "priceToCash": 4.17101,
    "foreignExempt": false,
    "shareDescription": "Ordinary Fully Paid",
    "numOfShares": 235692011,
    "yieldAnnual": 10.552631578947368,
    "incomeStatement": [
      {
        "revenue": 129372000,
        "netIncome": 38701000,
        "period": "2022A",
        "fPeriodEndDate": 44742,
        "curCode": "USD"
      },
      {
        "revenue": 107958000,
        "netIncome": 26755000,
        "period": "2021A",
        "fPeriodEndDate": 44377,
        "curCode": "USD"
      },
      {
        "revenue": 101509000,
        "netIncome": 18148000,
        "period": "2020A",
        "fPeriodEndDate": 44012,
        "curCode": "USD"
      },
      {
        "revenue": 114867000,
        "netIncome": 26843000,
        "period": "2019A",
        "fPeriodEndDate": 43646,
        "curCode": "USD"
      }
    ]
  },
  {
    "symbol": "NWL",
    "displayName": "NETWEALTH GROUP LIMITED",
    "industry": "Diversified Financials",
    "dateListed": "2017-11-20",
    "marketCap": 2952752733,
    "xid": "440540239",
    "priceChangeFiveDayPercent": -4.137931034482765,
    "isRecentListing": false,
    "priceAsk": 13,
    "priceBid": 12.1,
    "priceChange": 0.40000000000000036,
    "priceChangePercent": 3.3030553261767164,
    "priceLast": 12.51,
    "sector": "Financials",
    "industryGroup": "Diversified Financials",
    "securityType": 1,
    "volume": 311827,
    "statusCode": "XD",
    "isin": "AU000000NWL7",
    "priceClose": 12.11,
    "priceDayHigh": 12.780000000000001,
    "priceDayLow": 12.41,
    "priceFiftyTwoWeekHigh": 18.25,
    "priceFiftyTwoWeekLow": 10.35,
    "volumeAverage": 329294.494624,
    "dateExDate": "2022-08-30",
    "datePayDate": "2022-09-29",
    "dateRecordDate": "2022-08-31",
    "dividend": 0.1,
    "dividendType": "F",
    "frankingPercent": 100,
    "cashFlow": 9.07,
    "earningsPerShare": 0.22786,
    "freeCashFlowYield": 0.01934498275298063,
    "priceEarningsRatio": 54.46327,
    "priceToCash": 51.69299,
    "foreignExempt": false,
    "shareDescription": "Ordinary Fully Paid",
    "numOfShares": 243827641,
    "yieldAnnual": 0,
    "incomeStatement": [
      {
        "revenue": 169538000,
        "netIncome": 55552000,
        "period": "2022A",
        "fPeriodEndDate": 44742,
        "curCode": "AUD"
      },
      {
        "revenue": 141982000,
        "netIncome": 54103000,
        "period": "2021A",
        "fPeriodEndDate": 44377,
        "curCode": "AUD"
      },
      {
        "revenue": 121345000,
        "netIncome": 43661000,
        "period": "2020A",
        "fPeriodEndDate": 44012,
        "curCode": "AUD"
      },
      {
        "revenue": 96369000,
        "netIncome": 34295000,
        "period": "2019A",
        "fPeriodEndDate": 43646,
        "curCode": "AUD"
      }
    ]
  },
  {
    "symbol": "NSX",
    "displayName": "NSX LIMITED",
    "industry": "Diversified Financials",
    "dateListed": "2005-01-13",
    "marketCap": 11958919,
    "xid": "217593",
    "priceChangeFiveDayPercent": -22.222222222222214,
    "isRecentListing": false,
    "priceAsk": 0.039,
    "priceBid": 0.035,
    "priceChange": 0,
    "priceChangePercent": 0,
    "priceLast": 0.035,
    "sector": "Financials",
    "industryGroup": "Diversified Financials",
    "securityType": 1,
    "volume": 13953,
    "statusCode": "",
    "isin": "AU000000NSX0",
    "priceClose": 0.035,
    "priceDayHigh": 0.035,
    "priceDayLow": 0.035,
    "priceFiftyTwoWeekHigh": 0.11418,
    "priceFiftyTwoWeekLow": 0.02184,
    "volumeAverage": 126815.258737,
    "cashFlow": -2.35856,
    "earningsPerShare": -0.02239,
    "freeCashFlowYield": -0.0000100000010000001,
    "priceEarningsRatio": -99999.99,
    "priceToCash": -99999.99,
    "foreignExempt": false,
    "shareDescription": "Ordinary Fully Paid",
    "numOfShares": 341683404,
    "yieldAnnual": 0,
    "incomeStatement": [
      {
        "revenue": 1867670,
        "netIncome": -6360710,
        "period": "2022A",
        "fPeriodEndDate": 44742,
        "curCode": "AUD"
      },
      {
        "revenue": 1879520,
        "netIncome": -3000740,
        "period": "2021A",
        "fPeriodEndDate": 44377,
        "curCode": "AUD"
      },
      {
        "revenue": 1757700,
        "netIncome": -4465240,
        "period": "2020A",
        "fPeriodEndDate": 44012,
        "curCode": "AUD"
      },
      {
        "revenue": 2333380,
        "netIncome": -3475730,
        "period": "2019A",
        "fPeriodEndDate": 43646,
        "curCode": "AUD"
      }
    ]
  },
  {
    "symbol": "NSXN",
    "displayName": "NSX LIMITED",
    "industry": "Diversified Financials",
    "dateListed": "2005-01-13",
    "marketCap": 11958919,
    "xid": "750757355",
    "priceChangeFiveDayPercent": 0,
    "isRecentListing": false,
    "priceChange": 0,
    "priceChangePercent": 0,
    "priceLast": 0,
    "sector": "Financials",
    "industryGroup": "Diversified Financials",
    "securityType": 1,
    "volume": 0,
    "statusCode": "",
    "isin": "AU0000236820",
    "priceClose": 0,
    "priceFiftyTwoWeekHigh": 0,
    "priceFiftyTwoWeekLow": 0,
    "cashFlow": -2.35856,
    "earningsPerShare": -0.02239,
    "freeCashFlowYield": -0.0000100000010000001,
    "priceEarningsRatio": -99999.99,
    "priceToCash": -99999.99,
    "foreignExempt": false,
    "shareDescription": "Ordinary Fully Paid Deferred",
    "numOfShares": 341683404,
    "yieldAnnual": -32768,
    "incomeStatement": [
      {
        "revenue": 1867670,
        "netIncome": -6360710,
        "period": "2022A",
        "fPeriodEndDate": 44742,
        "curCode": "AUD"
      },
      {
        "revenue": 1879520,
        "netIncome": -3000740,
        "period": "2021A",
        "fPeriodEndDate": 44377,
        "curCode": "AUD"
      },
      {
        "revenue": 1757700,
        "netIncome": -4465240,
        "period": "2020A",
        "fPeriodEndDate": 44012,
        "curCode": "AUD"
      },
      {
        "revenue": 2333380,
        "netIncome": -3475730,
        "period": "2019A",
        "fPeriodEndDate": 43646,
        "curCode": "AUD"
      }
    ]
  },
  {
    "symbol": "OFX",
    "displayName": "OFX GROUP LIMITED",
    "industry": "Diversified Financials",
    "dateListed": "2013-10-11",
    "marketCap": 614383266,
    "xid": "68337442",
    "priceChangeFiveDayPercent": 1.176470588235304,
    "isRecentListing": false,
    "priceAsk": 2.6,
    "priceBid": 2.37,
    "priceChange": 0.10000000000000009,
    "priceChangePercent": 4.032258064516133,
    "priceLast": 2.58,
    "sector": "Financials",
    "industryGroup": "Diversified Financials",
    "securityType": 1,
    "volume": 803571,
    "statusCode": "",
    "isin": "AU000000OFX5",
    "priceClose": 2.48,
    "priceDayHigh": 2.59,
    "priceDayLow": 2.47,
    "priceFiftyTwoWeekHigh": 2.86,
    "priceFiftyTwoWeekLow": 1.485,
    "volumeAverage": 663927.827957,
    "dateExDate": "2020-11-25",
    "datePayDate": "2020-12-11",
    "dateRecordDate": "2020-11-26",
    "dividend": 0.0081,
    "dividendType": "I",
    "frankingPercent": 0,
    "cashFlow": 36.123,
    "earningsPerShare": 0.09732,
    "freeCashFlowYield": 0.05750146916253711,
    "priceEarningsRatio": 25.27744,
    "priceToCash": 17.39086,
    "foreignExempt": false,
    "shareDescription": "Ordinary Fully Paid",
    "numOfShares": 247735188,
    "yieldAnnual": 0,
    "incomeStatement": [
      {
        "revenue": 158418000,
        "netIncome": 24458000,
        "period": "2022A",
        "fPeriodEndDate": 44651,
        "curCode": "AUD"
      },
      {
        "revenue": 134692000,
        "netIncome": 12085000,
        "period": "2021A",
        "fPeriodEndDate": 44286,
        "curCode": "AUD"
      },
      {
        "revenue": 138341000,
        "netIncome": 20331000,
        "period": "2020A",
        "fPeriodEndDate": 43921,
        "curCode": "AUD"
      },
      {
        "revenue": 130230000,
        "netIncome": 17083000,
        "period": "2019A",
        "fPeriodEndDate": 43555,
        "curCode": "AUD"
      }
    ]
  },
  {
    "symbol": "OBL",
    "displayName": "OMNI BRIDGEWAY LIMITED",
    "industry": "Diversified Financials",
    "dateListed": "2000-01-28",
    "marketCap": 1042206831,
    "xid": "165855",
    "priceChangeFiveDayPercent": 0,
    "isRecentListing": false,
    "priceAsk": 3.87,
    "priceBid": 3.6,
    "priceChange": 0.010000000000000231,
    "priceChangePercent": 0.2604166666666727,
    "priceLast": 3.85,
    "sector": "Financials",
    "industryGroup": "Diversified Financials",
    "securityType": 1,
    "volume": 376038,
    "statusCode": "",
    "isin": "AU0000082489",
    "priceClose": 3.84,
    "priceDayHigh": 3.9,
    "priceDayLow": 3.61,
    "priceFiftyTwoWeekHigh": 4.93,
    "priceFiftyTwoWeekLow": 2.65,
    "volumeAverage": 557950.172043,
    "dateExDate": "2020-09-01",
    "datePayDate": "2020-09-25",
    "dateRecordDate": "2020-09-02",
    "dividend": 0.04,
    "dividendType": "F",
    "frankingPercent": 100,
    "cashFlow": -76.397,
    "earningsPerShare": -0.17193,
    "freeCashFlowYield": 0.010003489217038903,
    "priceEarningsRatio": -99999.99,
    "priceToCash": 99.96512,
    "foreignExempt": false,
    "shareDescription": "Ordinary Fully Paid Us Prohibited",
    "numOfShares": 271408029,
    "yieldAnnual": 0,
    "incomeStatement": [
      {
        "revenue": 30235000,
        "netIncome": -45645000,
        "period": "2022A",
        "fPeriodEndDate": 44742,
        "curCode": "AUD"
      },
      {
        "revenue": 15938000,
        "netIncome": -25451000,
        "period": "2021A",
        "fPeriodEndDate": 44377,
        "curCode": "AUD"
      },
      {
        "revenue": 26707000,
        "netIncome": -11542000,
        "period": "2020A",
        "fPeriodEndDate": 44012,
        "curCode": "AUD"
      },
      {
        "revenue": 4295000,
        "netIncome": -36098000,
        "period": "2019A",
        "fPeriodEndDate": 43646,
        "curCode": "AUD"
      }
    ]
  },
  {
    "symbol": "OPY",
    "displayName": "OPENPAY GROUP LTD",
    "industry": "Diversified Financials",
    "dateListed": "2019-12-16",
    "marketCap": 40584298,
    "xid": "566632161",
    "priceChangeFiveDayPercent": -4.878048780487796,
    "isRecentListing": false,
    "priceAsk": 0.195,
    "priceBid": 0.18,
    "priceChange": 0.01999999999999999,
    "priceChangePercent": 11.428571428571422,
    "priceLast": 0.195,
    "sector": "Financials",
    "industryGroup": "Diversified Financials",
    "securityType": 1,
    "volume": 189749,
    "upcomingEventName": "Annual General Meeting",
    "statusCode": "",
    "isin": "AU0000067647",
    "priceClose": 0.17500000000000002,
    "priceDayHigh": 0.195,
    "priceDayLow": 0.18,
    "priceFiftyTwoWeekHigh": 1.515,
    "priceFiftyTwoWeekLow": 0.12,
    "volumeAverage": 646511.619565,
    "cashFlow": -81.1715,
    "earningsPerShare": -0.61741,
    "freeCashFlowYield": -0.0000100000010000001,
    "priceEarningsRatio": -99999.99,
    "priceToCash": -99999.99,
    "foreignExempt": false,
    "shareDescription": "Ordinary Fully Paid",
    "numOfShares": 231910272,
    "yieldAnnual": 0,
    "incomeStatement": [
      {
        "revenue": 34246180,
        "netIncome": -82455820,
        "period": "2022A",
        "fPeriodEndDate": 44742,
        "curCode": "AUD"
      },
      {
        "revenue": 26031530,
        "netIncome": -63059350,
        "period": "2021A",
        "fPeriodEndDate": 44377,
        "curCode": "AUD"
      },
      {
        "revenue": 18004740,
        "netIncome": -35401260,
        "period": "2020A",
        "fPeriodEndDate": 44012,
        "curCode": "AUD"
      },
      {
        "revenue": 10992810,
        "netIncome": -14682170,
        "period": "2019A",
        "fPeriodEndDate": 43646,
        "curCode": "AUD"
      }
    ]
  },
  {
    "symbol": "OEQ",
    "displayName": "ORION EQUITIES LIMITED",
    "industry": "Diversified Financials",
    "dateListed": "1970-11-19",
    "marketCap": 2582123,
    "xid": "84538",
    "priceChangeFiveDayPercent": 0,
    "isRecentListing": false,
    "priceAsk": 0.165,
    "priceBid": 0.14,
    "priceChange": 0,
    "priceChangePercent": 0,
    "priceLast": 0.165,
    "sector": "Financials",
    "industryGroup": "Diversified Financials",
    "securityType": 1,
    "volume": 0,
    "statusCode": "",
    "isin": "AU000000OEQ2",
    "priceClose": 0.165,
    "priceFiftyTwoWeekHigh": 0.375,
    "priceFiftyTwoWeekLow": 0.15,
    "volumeAverage": 12327.333333,
    "dateExDate": "2017-09-21",
    "datePayDate": "2017-09-29",
    "dateRecordDate": "2017-09-22",
    "dividend": 0.009,
    "dividendType": "I",
    "frankingPercent": 100,
    "cashFlow": -0.12723,
    "earningsPerShare": -0.25156,
    "freeCashFlowYield": -0.0000100000010000001,
    "priceEarningsRatio": -99999.99,
    "priceToCash": -99999.99,
    "foreignExempt": false,
    "shareDescription": "Ordinary Fully Paid",
    "numOfShares": 15649228,
    "yieldAnnual": 0,
    "incomeStatement": [
      {
        "revenue": 45370,
        "netIncome": -3936780,
        "period": "2022A",
        "fPeriodEndDate": 44742,
        "curCode": "AUD"
      },
      {
        "revenue": 5133700,
        "netIncome": 5280480,
        "period": "2021A",
        "fPeriodEndDate": 44377,
        "curCode": "AUD"
      },
      {
        "revenue": 65620,
        "netIncome": -790140,
        "period": "2020A",
        "fPeriodEndDate": 44012,
        "curCode": "AUD"
      },
      {
        "revenue": 48970,
        "netIncome": -1279350,
        "period": "2019A",
        "fPeriodEndDate": 43646,
        "curCode": "AUD"
      }
    ]
  },
  {
    "symbol": "PAC",
    "displayName": "PACIFIC CURRENT GROUP LIMITED",
    "industry": "Diversified Financials",
    "dateListed": "1987-09-25",
    "marketCap": 381065436,
    "xid": "271859",
    "priceChangeFiveDayPercent": 1.36612021857923,
    "isRecentListing": false,
    "priceAsk": 7.6000000000000005,
    "priceBid": 7.32,
    "priceChange": -0.03000000000000025,
    "priceChangePercent": -0.40268456375839257,
    "priceLast": 7.42,
    "sector": "Financials",
    "industryGroup": "Diversified Financials",
    "securityType": 1,
    "volume": 51096,
    "statusCode": "XD",
    "isin": "AU000000PAC7",
    "priceClose": 7.45,
    "priceDayHigh": 7.55,
    "priceDayLow": 7.3100000000000005,
    "priceFiftyTwoWeekHigh": 9.54,
    "priceFiftyTwoWeekLow": 6.27,
    "volumeAverage": 76965.554348,
    "dateExDate": "2022-09-07",
    "datePayDate": "2022-10-11",
    "dateRecordDate": "2022-09-08",
    "dividend": 0.23,
    "dividendType": "F",
    "frankingPercent": 100,
    "cashFlow": 4.594,
    "earningsPerShare": -0.69144,
    "freeCashFlowYield": -0.0000100000010000001,
    "priceEarningsRatio": -99999.99,
    "priceToCash": -99999.99,
    "foreignExempt": false,
    "shareDescription": "Ordinary Fully Paid",
    "numOfShares": 51149723,
    "yieldAnnual": 5.100671140939598,
    "incomeStatement": [
      {
        "revenue": 44202000,
        "netIncome": -35270000,
        "period": "2022A",
        "fPeriodEndDate": 44742,
        "curCode": "AUD"
      },
      {
        "revenue": 47046000,
        "netIncome": 17413000,
        "period": "2021A",
        "fPeriodEndDate": 44377,
        "curCode": "AUD"
      },
      {
        "revenue": 61594000,
        "netIncome": -17509000,
        "period": "2020A",
        "fPeriodEndDate": 44012,
        "curCode": "AUD"
      },
      {
        "revenue": 62635000,
        "netIncome": 37612000,
        "period": "2019A",
        "fPeriodEndDate": 43646,
        "curCode": "AUD"
      }
    ]
  },
  {
    "symbol": "PYR",
    "displayName": "PAYRIGHT LIMITED",
    "industry": "Diversified Financials",
    "dateListed": "2020-12-23",
    "marketCap": 9256260,
    "xid": "629012910",
    "priceChangeFiveDayPercent": 0,
    "isRecentListing": false,
    "priceAsk": 0.09,
    "priceBid": 0.083,
    "priceChange": 0,
    "priceChangePercent": 0,
    "priceLast": 0.095,
    "sector": "Financials",
    "industryGroup": "Diversified Financials",
    "securityType": 1,
    "volume": 0,
    "statusCode": "",
    "isin": "AU0000118127",
    "priceClose": 0.095,
    "priceFiftyTwoWeekHigh": 0.45,
    "priceFiftyTwoWeekLow": 0.067,
    "volumeAverage": 52401.237288,
    "cashFlow": -42.78003,
    "earningsPerShare": -0.21486,
    "freeCashFlowYield": -0.0000100000010000001,
    "priceEarningsRatio": -99999.99,
    "priceToCash": -99999.99,
    "foreignExempt": false,
    "shareDescription": "Ordinary Fully Paid",
    "numOfShares": 97434313,
    "yieldAnnual": 0,
    "incomeStatement": [
      {
        "revenue": 16315020,
        "netIncome": -13799910,
        "period": "2022A",
        "fPeriodEndDate": 44742,
        "curCode": "AUD"
      },
      {
        "revenue": 12174380,
        "netIncome": -12733950,
        "period": "2021A",
        "fPeriodEndDate": 44377,
        "curCode": "AUD"
      },
      {
        "revenue": 9847840,
        "netIncome": -7508770,
        "period": "2020A",
        "fPeriodEndDate": 44012,
        "curCode": "AUD"
      },
      {
        "revenue": 3414040,
        "netIncome": -4623920,
        "period": "2019A",
        "fPeriodEndDate": 43646,
        "curCode": "AUD"
      }
    ]
  },
  {
    "symbol": "PDL",
    "displayName": "PENDAL GROUP LIMITED",
    "industry": "Diversified Financials",
    "dateListed": "2007-12-10",
    "marketCap": 1685857756,
    "xid": "9231395",
    "priceChangeFiveDayPercent": -7.802874743326486,
    "isRecentListing": false,
    "priceAsk": 4.59,
    "priceBid": 4.49,
    "priceChange": 0.08999999999999986,
    "priceChangePercent": 2.045454545454542,
    "priceLast": 4.49,
    "sector": "Financials",
    "industryGroup": "Diversified Financials",
    "securityType": 1,
    "volume": 2441349,
    "statusCode": "",
    "isin": "AU0000009789",
    "priceClose": 4.4,
    "priceDayHigh": 4.54,
    "priceDayLow": 4.45,
    "priceFiftyTwoWeekHigh": 8.35,
    "priceFiftyTwoWeekLow": 3.69,
    "volumeAverage": 1658669.064516,
    "dateExDate": "2022-05-19",
    "datePayDate": "2022-07-01",
    "dateRecordDate": "2022-05-20",
    "dividend": 0.21,
    "dividendType": "I",
    "frankingPercent": 10,
    "cashFlow": 106.854,
    "earningsPerShare": 0.48138,
    "freeCashFlowYield": 0.11568410373162215,
    "priceEarningsRatio": 9.49354,
    "priceToCash": 8.64423,
    "foreignExempt": false,
    "shareDescription": "Ordinary Fully Paid",
    "numOfShares": 383149490,
    "yieldAnnual": 10.227272727272727,
    "incomeStatement": [
      {
        "revenue": 625734000,
        "netIncome": 164702000,
        "period": "2021A",
        "fPeriodEndDate": 44469,
        "curCode": "AUD"
      },
      {
        "revenue": 467069000,
        "netIncome": 116386000,
        "period": "2020A",
        "fPeriodEndDate": 44104,
        "curCode": "AUD"
      },
      {
        "revenue": 514295000,
        "netIncome": 154477000,
        "period": "2019A",
        "fPeriodEndDate": 43738,
        "curCode": "AUD"
      },
      {
        "revenue": 587227000,
        "netIncome": 201969000,
        "period": "2018A",
        "fPeriodEndDate": 43373,
        "curCode": "AUD"
      }
    ]
  },
  {
    "symbol": "PCG",
    "displayName": "PENGANA CAPITAL GROUP LIMITED",
    "industry": "Diversified Financials",
    "dateListed": "2001-02-28",
    "marketCap": 187399965,
    "xid": "146297",
    "priceChangeFiveDayPercent": 1.3457248783335231e-14,
    "isRecentListing": false,
    "priceAsk": 1.71,
    "priceBid": 1.6500000000000001,
    "priceChange": -0.05499999999999994,
    "priceChangePercent": -3.2258064516128995,
    "priceLast": 1.6500000000000001,
    "sector": "Financials",
    "industryGroup": "Diversified Financials",
    "securityType": 1,
    "volume": 6025,
    "statusCode": "",
    "isin": "AU000000PCG4",
    "priceClose": 1.705,
    "priceDayHigh": 1.685,
    "priceDayLow": 1.635,
    "priceFiftyTwoWeekHigh": 2.43,
    "priceFiftyTwoWeekLow": 1.53,
    "volumeAverage": 15166.494624,
    "dateExDate": "2022-08-29",
    "datePayDate": "2022-09-13",
    "dateRecordDate": "2022-08-30",
    "dividend": 0.08,
    "dividendType": "F",
    "frankingPercent": 100,
    "cashFlow": 8.302,
    "earningsPerShare": 0.20648,
    "freeCashFlowYield": 0.116325194059505,
    "priceEarningsRatio": 8.03952,
    "priceToCash": 8.59659,
    "foreignExempt": false,
    "shareDescription": "Ordinary Fully Paid",
    "numOfShares": 109912003,
    "yieldAnnual": 11.730205278592376,
    "incomeStatement": [
      {
        "revenue": 45359000,
        "netIncome": 18652000,
        "period": "2022A",
        "fPeriodEndDate": 44742,
        "curCode": "AUD"
      },
      {
        "revenue": 44923000,
        "netIncome": 8718000,
        "period": "2021A",
        "fPeriodEndDate": 44377,
        "curCode": "AUD"
      },
      {
        "revenue": 40057000,
        "netIncome": 6118000,
        "period": "2020A",
        "fPeriodEndDate": 44012,
        "curCode": "AUD"
      },
      {
        "revenue": 39056000,
        "netIncome": -14295000,
        "period": "2019A",
        "fPeriodEndDate": 43646,
        "curCode": "AUD"
      }
    ]
  },
  {
    "symbol": "PPT",
    "displayName": "PERPETUAL LIMITED",
    "industry": "Diversified Financials",
    "dateListed": "1964-06-24",
    "marketCap": 1349664554,
    "xid": "232984",
    "priceChangeFiveDayPercent": -3.6737989503431576,
    "isRecentListing": false,
    "priceAsk": 23.93,
    "priceBid": 23.66,
    "priceChange": 0.2699999999999996,
    "priceChangePercent": 1.1445527766002526,
    "priceLast": 23.86,
    "sector": "Financials",
    "industryGroup": "Diversified Financials",
    "securityType": 1,
    "volume": 276046,
    "statusCode": "XD",
    "isin": "AU000000PPT9",
    "priceClose": 23.59,
    "priceDayHigh": 23.96,
    "priceDayLow": 23.67,
    "priceFiftyTwoWeekHigh": 41.37,
    "priceFiftyTwoWeekLow": 23.26,
    "volumeAverage": 221634.225806,
    "dateExDate": "2022-09-08",
    "datePayDate": "2022-09-30",
    "dateRecordDate": "2022-09-09",
    "dividend": 0.97,
    "dividendType": "F",
    "frankingPercent": 100,
    "cashFlow": 43.4,
    "earningsPerShare": 1.76516,
    "freeCashFlowYield": 0.11393167972893375,
    "priceEarningsRatio": 13.37556,
    "priceToCash": 8.77719,
    "foreignExempt": false,
    "shareDescription": "Ordinary Fully Paid",
    "numOfShares": 57213419,
    "yieldAnnual": 8.859686307757524,
    "incomeStatement": [
      {
        "revenue": 740200000,
        "netIncome": 101200000,
        "period": "2022A",
        "fPeriodEndDate": 44742,
        "curCode": "AUD"
      },
      {
        "revenue": 652075000,
        "netIncome": 74869000,
        "period": "2021A",
        "fPeriodEndDate": 44377,
        "curCode": "AUD"
      },
      {
        "revenue": 491297000,
        "netIncome": 81999000,
        "period": "2020A",
        "fPeriodEndDate": 44012,
        "curCode": "AUD"
      },
      {
        "revenue": 519405000,
        "netIncome": 115929000,
        "period": "2019A",
        "fPeriodEndDate": 43646,
        "curCode": "AUD"
      }
    ]
  },
  {
    "symbol": "PNI",
    "displayName": "PINNACLE INVESTMENT MANAGEMENT GROUP LIMITED",
    "industry": "Diversified Financials",
    "dateListed": "2007-06-19",
    "marketCap": 1694695589,
    "xid": "7650935",
    "priceChangeFiveDayPercent": -6.601731601731595,
    "isRecentListing": false,
    "priceAsk": 8.790000000000001,
    "priceBid": 8.620000000000001,
    "priceChange": 0.15000000000000036,
    "priceChangePercent": 1.7688679245283059,
    "priceLast": 8.63,
    "sector": "Financials",
    "industryGroup": "Diversified Financials",
    "securityType": 1,
    "volume": 291931,
    "statusCode": "",
    "isin": "AU000000PNI7",
    "priceClose": 8.48,
    "priceDayHigh": 8.89,
    "priceDayLow": 8.58,
    "priceFiftyTwoWeekHigh": 19.29,
    "priceFiftyTwoWeekLow": 6.49,
    "volumeAverage": 785206.204301,
    "dateExDate": "2022-08-29",
    "datePayDate": "2022-09-16",
    "dateRecordDate": "2022-08-30",
    "dividend": 0.175,
    "dividendType": "F",
    "frankingPercent": 100,
    "cashFlow": -82.82,
    "earningsPerShare": 0.39552,
    "freeCashFlowYield": 0.04476939063039331,
    "priceEarningsRatio": 21.84466,
    "priceToCash": 22.33669,
    "foreignExempt": false,
    "shareDescription": "Ordinary Fully Paid",
    "numOfShares": 199846178,
    "yieldAnnual": 4.127358490566038,
    "incomeStatement": [
      {
        "revenue": 45997000,
        "netIncome": 76365000,
        "period": "2022A",
        "fPeriodEndDate": 44742,
        "curCode": "AUD"
      },
      {
        "revenue": 32514000,
        "netIncome": 67017000,
        "period": "2021A",
        "fPeriodEndDate": 44377,
        "curCode": "AUD"
      },
      {
        "revenue": 22407000,
        "netIncome": 32206000,
        "period": "2020A",
        "fPeriodEndDate": 44012,
        "curCode": "AUD"
      },
      {
        "revenue": 21123000,
        "netIncome": 30549000,
        "period": "2019A",
        "fPeriodEndDate": 43646,
        "curCode": "AUD"
      }
    ]
  },
  {
    "symbol": "PNC",
    "displayName": "PIONEER CREDIT LIMITED",
    "industry": "Diversified Financials",
    "dateListed": "2014-05-01",
    "marketCap": 34702669,
    "xid": "74285858",
    "priceChangeFiveDayPercent": -8.571428571428564,
    "isRecentListing": false,
    "priceAsk": 0.34,
    "priceBid": 0.31,
    "priceChange": 0.010000000000000009,
    "priceChangePercent": 3.225806451612906,
    "priceLast": 0.32,
    "sector": "Financials",
    "industryGroup": "Diversified Financials",
    "securityType": 1,
    "volume": 10000,
    "statusCode": "",
    "isin": "AU000000PNC0",
    "priceClose": 0.31,
    "priceDayHigh": 0.32,
    "priceDayLow": 0.32,
    "priceFiftyTwoWeekHigh": 0.655,
    "priceFiftyTwoWeekLow": 0.305,
    "volumeAverage": 71887.325581,
    "dateExDate": "2019-03-29",
    "datePayDate": "2019-04-26",
    "dateRecordDate": "2019-04-01",
    "dividend": 0.0431,
    "dividendType": "I",
    "frankingPercent": 100,
    "cashFlow": -47.57,
    "earningsPerShare": -0.41019,
    "freeCashFlowYield": -0.0000100000010000001,
    "priceEarningsRatio": -99999.99,
    "priceToCash": -99999.99,
    "foreignExempt": false,
    "shareDescription": "Ordinary Fully Paid",
    "numOfShares": 111944093,
    "yieldAnnual": 0,
    "incomeStatement": [
      {
        "revenue": 54314000,
        "netIncome": -33094000,
        "period": "2022A",
        "fPeriodEndDate": 44742,
        "curCode": "AUD"
      },
      {
        "revenue": 53396000,
        "netIncome": -19655000,
        "period": "2021A",
        "fPeriodEndDate": 44377,
        "curCode": "AUD"
      },
      {
        "revenue": 53672000,
        "netIncome": -40084000,
        "period": "2020A",
        "fPeriodEndDate": 44012,
        "curCode": "AUD"
      },
      {
        "revenue": 75079000,
        "netIncome": 4281000,
        "period": "2019A",
        "fPeriodEndDate": 43646,
        "curCode": "AUD"
      }
    ]
  },
  {
    "symbol": "PTM",
    "displayName": "PLATINUM ASSET MANAGEMENT LIMITED",
    "industry": "Diversified Financials",
    "dateListed": "2007-05-23",
    "marketCap": 956286607,
    "xid": "7377005",
    "priceChangeFiveDayPercent": -3.1976744186046475,
    "isRecentListing": false,
    "priceAsk": 1.67,
    "priceBid": 1.6500000000000001,
    "priceChange": 0.03499999999999992,
    "priceChangePercent": 2.147239263803676,
    "priceLast": 1.665,
    "sector": "Financials",
    "industryGroup": "Diversified Financials",
    "securityType": 1,
    "volume": 1219113,
    "statusCode": "",
    "isin": "AU000000PTM6",
    "priceClose": 1.6300000000000001,
    "priceDayHigh": 1.675,
    "priceDayLow": 1.645,
    "priceFiftyTwoWeekHigh": 3.59,
    "priceFiftyTwoWeekLow": 1.5525,
    "volumeAverage": 1989246.236559,
    "dateExDate": "2022-09-01",
    "datePayDate": "2022-09-15",
    "dateRecordDate": "2022-09-02",
    "dividend": 0.07,
    "dividendType": "F",
    "frankingPercent": 100,
    "cashFlow": -4.935,
    "earningsPerShare": 0.17418,
    "freeCashFlowYield": 0.10841201335202358,
    "priceEarningsRatio": 9.41555,
    "priceToCash": 9.22407,
    "foreignExempt": false,
    "shareDescription": "Ordinary Fully Paid",
    "numOfShares": 586678900,
    "yieldAnnual": 10.429447852760736,
    "incomeStatement": [
      {
        "revenue": 256941000,
        "netIncome": 101493000,
        "period": "2022A",
        "fPeriodEndDate": 44742,
        "curCode": "AUD"
      },
      {
        "revenue": 272490000,
        "netIncome": 163258000,
        "period": "2021A",
        "fPeriodEndDate": 44377,
        "curCode": "AUD"
      },
      {
        "revenue": 290003000,
        "netIncome": 155611000,
        "period": "2020A",
        "fPeriodEndDate": 44012,
        "curCode": "AUD"
      },
      {
        "revenue": 304022000,
        "netIncome": 157651000,
        "period": "2019A",
        "fPeriodEndDate": 43646,
        "curCode": "AUD"
      }
    ]
  },
  {
    "symbol": "PLT",
    "displayName": "PLENTI GROUP LIMITED",
    "industry": "Diversified Financials",
    "dateListed": "2020-09-23",
    "marketCap": 93584586,
    "xid": "615357566",
    "priceChangeFiveDayPercent": 1.8518518518518534,
    "isRecentListing": false,
    "priceAsk": 0.54,
    "priceBid": 0.52,
    "priceChange": 0,
    "priceChangePercent": 0,
    "priceLast": 0.55,
    "sector": "Financials",
    "industryGroup": "Diversified Financials",
    "securityType": 1,
    "volume": 0,
    "statusCode": "",
    "isin": "AU0000102691",
    "priceClose": 0.55,
    "priceFiftyTwoWeekHigh": 1.545,
    "priceFiftyTwoWeekLow": 0.51,
    "volumeAverage": 89228.011494,
    "cashFlow": -5.136,
    "earningsPerShare": -0.0374,
    "freeCashFlowYield": -0.0000100000010000001,
    "priceEarningsRatio": -99999.99,
    "priceToCash": -99999.99,
    "foreignExempt": false,
    "shareDescription": "Ordinary Fully Paid",
    "numOfShares": 170153793,
    "yieldAnnual": 0,
    "incomeStatement": [
      {
        "revenue": 88506000,
        "netIncome": -6315000,
        "period": "2022A",
        "fPeriodEndDate": 44651,
        "curCode": "AUD"
      },
      {
        "revenue": 53125000,
        "netIncome": -15092000,
        "period": "2021A",
        "fPeriodEndDate": 44286,
        "curCode": "AUD"
      },
      {
        "revenue": 41511000,
        "netIncome": -16232000,
        "period": "2020A",
        "fPeriodEndDate": 43921,
        "curCode": "AUD"
      },
      {
        "revenue": 28852000,
        "netIncome": -13264000,
        "period": "2019A",
        "fPeriodEndDate": 43555,
        "curCode": "AUD"
      }
    ]
  },
  {
    "symbol": "PVL",
    "displayName": "POWERHOUSE VENTURES LIMITED",
    "industry": "Diversified Financials",
    "dateListed": "2016-10-12",
    "marketCap": 7606820,
    "xid": "359096190",
    "priceChangeFiveDayPercent": 1.612903225806453,
    "isRecentListing": false,
    "priceAsk": 0.063,
    "priceBid": 0.06,
    "priceChange": 0,
    "priceChangePercent": 0,
    "priceLast": 0.063,
    "sector": "Financials",
    "industryGroup": "Diversified Financials",
    "securityType": 1,
    "volume": 0,
    "statusCode": "",
    "isin": "NZPVLE0001S6",
    "priceClose": 0.063,
    "priceFiftyTwoWeekHigh": 0.14,
    "priceFiftyTwoWeekLow": 0.059,
    "volumeAverage": 135649.352941,
    "cashFlow": -0.27952,
    "earningsPerShare": -0.00474,
    "freeCashFlowYield": -0.0000100000010000001,
    "priceEarningsRatio": -99999.99,
    "priceToCash": -99999.99,
    "foreignExempt": false,
    "shareDescription": "Ordinary Fully Paid",
    "numOfShares": 120743176,
    "yieldAnnual": 0,
    "incomeStatement": [
      {
        "revenue": 518560,
        "netIncome": -305210,
        "period": "2022A",
        "fPeriodEndDate": 44742,
        "curCode": "NZD"
      },
      {
        "revenue": -253870,
        "netIncome": -1573840,
        "period": "2021A",
        "fPeriodEndDate": 44377,
        "curCode": "NZD"
      },
      {
        "revenue": 1092400,
        "netIncome": -47070,
        "period": "2020A",
        "fPeriodEndDate": 44012,
        "curCode": "NZD"
      },
      {
        "revenue": -1831400,
        "netIncome": -3969070,
        "period": "2019A",
        "fPeriodEndDate": 43646,
        "curCode": "NZD"
      }
    ]
  },
  {
    "symbol": "PFG",
    "displayName": "PRIME FINANCIAL GROUP LIMITED",
    "industry": "Diversified Financials",
    "dateListed": "2004-12-07",
    "marketCap": 40685691,
    "xid": "55367",
    "priceChangeFiveDayPercent": -2.4390243902438913,
    "isRecentListing": false,
    "priceAsk": 0.21,
    "priceBid": 0.2,
    "priceChange": 0,
    "priceChangePercent": 0,
    "priceLast": 0.2,
    "sector": "Financials",
    "industryGroup": "Diversified Financials",
    "securityType": 1,
    "volume": 0,
    "statusCode": "XD",
    "isin": "AU000000PFG7",
    "priceClose": 0.2,
    "priceFiftyTwoWeekHigh": 0.225,
    "priceFiftyTwoWeekLow": 0.135,
    "volumeAverage": 88898.178082,
    "dateExDate": "2022-09-02",
    "datePayDate": "2022-09-30",
    "dateRecordDate": "2022-09-05",
    "dividend": 0.006,
    "dividendType": "F",
    "frankingPercent": 100,
    "cashFlow": 4.07103,
    "earningsPerShare": 0.01898,
    "freeCashFlowYield": 0.1485136016182042,
    "priceEarningsRatio": 10.53741,
    "priceToCash": 6.73339,
    "foreignExempt": false,
    "shareDescription": "Ordinary Fully Paid",
    "numOfShares": 203428453,
    "yieldAnnual": 5.5,
    "incomeStatement": [
      {
        "revenue": 26328780,
        "netIncome": 3814070,
        "period": "2022A",
        "fPeriodEndDate": 44742,
        "curCode": "AUD"
      },
      {
        "revenue": 22321810,
        "netIncome": 3074130,
        "period": "2021A",
        "fPeriodEndDate": 44377,
        "curCode": "AUD"
      },
      {
        "revenue": 21546890,
        "netIncome": 2131560,
        "period": "2020A",
        "fPeriodEndDate": 44012,
        "curCode": "AUD"
      },
      {
        "revenue": 21384930,
        "netIncome": 1314780,
        "period": "2019A",
        "fPeriodEndDate": 43646,
        "curCode": "AUD"
      }
    ]
  },
  {
    "symbol": "PHL",
    "displayName": "PROPELL HOLDINGS LIMITED",
    "industry": "Diversified Financials",
    "dateListed": "2021-04-14",
    "marketCap": 4212443,
    "xid": "647877112",
    "priceChangeFiveDayPercent": -16.666666666666664,
    "isRecentListing": false,
    "priceAsk": 0.042,
    "priceBid": 0.035,
    "priceChange": 0,
    "priceChangePercent": 0,
    "priceLast": 0.035,
    "sector": "Financials",
    "industryGroup": "Diversified Financials",
    "securityType": 1,
    "volume": 0,
    "statusCode": "",
    "isin": "AU0000139578",
    "priceClose": 0.035,
    "priceFiftyTwoWeekHigh": 0.16839,
    "priceFiftyTwoWeekLow": 0.035,
    "volumeAverage": 205373.548387,
    "cashFlow": -8.04041,
    "earningsPerShare": -0.04481,
    "freeCashFlowYield": -0.0000100000010000001,
    "priceEarningsRatio": -99999.99,
    "priceToCash": -99999.99,
    "foreignExempt": false,
    "shareDescription": "Ordinary Fully Paid",
    "numOfShares": 120355520,
    "yieldAnnual": 0,
    "incomeStatement": [
      {
        "revenue": 820730,
        "netIncome": -4473760,
        "period": "2022A",
        "fPeriodEndDate": 44742,
        "curCode": "AUD"
      },
      {
        "revenue": 206450,
        "netIncome": -4340280,
        "period": "2021A",
        "fPeriodEndDate": 44377,
        "curCode": "AUD"
      },
      {
        "revenue": 517190,
        "netIncome": -2135500,
        "period": "2020A",
        "fPeriodEndDate": 44012,
        "curCode": "AUD"
      },
      {
        "revenue": 640290,
        "netIncome": -4910550,
        "period": "2019A",
        "fPeriodEndDate": 43646,
        "curCode": "AUD"
      }
    ]
  },
  {
    "symbol": "PGL",
    "displayName": "PROSPA GROUP LIMITED.",
    "industry": "Diversified Financials",
    "dateListed": "2019-06-11",
    "marketCap": 121082094,
    "xid": "538056608",
    "priceChangeFiveDayPercent": 1.2987012987012998,
    "isRecentListing": false,
    "priceAsk": 0.75,
    "priceBid": 0.74,
    "priceChange": 0.040000000000000036,
    "priceChangePercent": 5.405405405405411,
    "priceLast": 0.78,
    "sector": "Financials",
    "industryGroup": "Diversified Financials",
    "securityType": 1,
    "volume": 242,
    "upcomingEventName": "PGL 2022 AGM",
    "statusCode": "",
    "isin": "AU0000046740",
    "priceClose": 0.74,
    "priceDayHigh": 0.78,
    "priceDayLow": 0.78,
    "priceFiftyTwoWeekHigh": 1.085,
    "priceFiftyTwoWeekLow": 0.55,
    "volumeAverage": 62718.552941,
    "cashFlow": 43.427,
    "earningsPerShare": 0.04125,
    "freeCashFlowYield": 0.1155661876448189,
    "priceEarningsRatio": 17.93939,
    "priceToCash": 8.65305,
    "foreignExempt": false,
    "shareDescription": "Ordinary Fully Paid",
    "numOfShares": 163624451,
    "yieldAnnual": 0,
    "incomeStatement": [
      {
        "revenue": 166874000,
        "netIncome": 6726000,
        "period": "2022A",
        "fPeriodEndDate": 44742,
        "curCode": "AUD"
      },
      {
        "revenue": 110469000,
        "netIncome": -9494000,
        "period": "2021A",
        "fPeriodEndDate": 44377,
        "curCode": "AUD"
      },
      {
        "revenue": 133193000,
        "netIncome": -24933000,
        "period": "2020A",
        "fPeriodEndDate": 44012,
        "curCode": "AUD"
      },
      {
        "revenue": 127887000,
        "netIncome": -24721000,
        "period": "2019A",
        "fPeriodEndDate": 43646,
        "curCode": "AUD"
      }
    ]
  },
  {
    "symbol": "QAL",
    "displayName": "QUALITAS LIMITED",
    "industry": "Diversified Financials",
    "dateListed": "2021-12-16",
    "marketCap": 640920000,
    "xid": "693976001",
    "priceChangeFiveDayPercent": -8.860759493670884,
    "isRecentListing": false,
    "priceAsk": 2.23,
    "priceBid": 2.05,
    "priceChange": -0.020000000000000018,
    "priceChangePercent": -0.9174311926605512,
    "priceLast": 2.16,
    "sector": "Real Estate",
    "industryGroup": "Real Estate",
    "securityType": 1,
    "volume": 22784,
    "statusCode": "",
    "isin": "AU0000195265",
    "priceClose": 2.18,
    "priceDayHigh": 2.2,
    "priceDayLow": 2.11,
    "priceFiftyTwoWeekHigh": 2.65,
    "priceFiftyTwoWeekLow": 1.355,
    "volumeAverage": 175932.666667,
    "dateExDate": "2022-08-23",
    "datePayDate": "2022-09-08",
    "dateRecordDate": "2022-08-24",
    "dividend": 0.04,
    "dividendType": "F",
    "frankingPercent": 100,
    "cashFlow": 34.477,
    "earningsPerShare": 0.06422,
    "freeCashFlowYield": 0.031072343873900975,
    "priceEarningsRatio": 34.8801,
    "priceToCash": 32.18296,
    "foreignExempt": false,
    "shareDescription": "Ordinary Fully Paid",
    "numOfShares": 294000000,
    "yieldAnnual": 0,
    "incomeStatement": [
      {
        "revenue": 73946000,
        "netIncome": 18882000,
        "period": "2022A",
        "fPeriodEndDate": 44742,
        "curCode": "AUD"
      },
      {
        "revenue": 55224070,
        "netIncome": 12476280,
        "period": "2021A",
        "fPeriodEndDate": 44377,
        "curCode": "AUD"
      },
      {
        "revenue": 39551010,
        "netIncome": 7901890,
        "period": "2020A",
        "fPeriodEndDate": 44012,
        "curCode": "AUD"
      },
      {
        "revenue": 41043580,
        "netIncome": 3776620,
        "period": "2019A",
        "fPeriodEndDate": 43646,
        "curCode": "AUD"
      }
    ]
  },
  {
    "symbol": "QUE",
    "displayName": "QUESTE COMMUNICATIONS LIMITED",
    "industry": "Diversified Financials",
    "dateListed": "1998-11-11",
    "marketCap": 1218255,
    "xid": "238290",
    "priceChangeFiveDayPercent": 0,
    "isRecentListing": false,
    "priceBid": 0.047,
    "priceChange": 0,
    "priceChangePercent": 0,
    "priceLast": 0.045,
    "sector": "Financials",
    "industryGroup": "Diversified Financials",
    "securityType": 1,
    "volume": 0,
    "statusCode": "",
    "isin": "AU000000QUE9",
    "priceClose": 0.045,
    "priceFiftyTwoWeekHigh": 0.07,
    "priceFiftyTwoWeekLow": 0.043,
    "volumeAverage": 5892.75,
    "cashFlow": -0.18869,
    "earningsPerShare": -0.09637,
    "freeCashFlowYield": -0.0000100000010000001,
    "priceEarningsRatio": -99999.99,
    "priceToCash": -99999.99,
    "foreignExempt": false,
    "shareDescription": "Ordinary Fully Paid",
    "numOfShares": 27072332,
    "yieldAnnual": 0,
    "incomeStatement": [
      {
        "revenue": 37710,
        "netIncome": -2608940,
        "period": "2022A",
        "fPeriodEndDate": 44742,
        "curCode": "AUD"
      },
      {
        "revenue": 267730,
        "netIncome": 3139670,
        "period": "2021A",
        "fPeriodEndDate": 44377,
        "curCode": "AUD"
      },
      {
        "revenue": 122380,
        "netIncome": -530820,
        "period": "2020A",
        "fPeriodEndDate": 44012,
        "curCode": "AUD"
      },
      {
        "revenue": 56650,
        "netIncome": -910110,
        "period": "2019A",
        "fPeriodEndDate": 43646,
        "curCode": "AUD"
      }
    ]
  },
  {
    "symbol": "QFE",
    "displayName": "QUICKFEE LIMITED",
    "industry": "Diversified Financials",
    "dateListed": "2019-07-11",
    "marketCap": 17846235,
    "xid": "542569815",
    "priceChangeFiveDayPercent": -4.285714285714289,
    "isRecentListing": false,
    "priceAsk": 0.079,
    "priceBid": 0.067,
    "priceChange": 0,
    "priceChangePercent": 0,
    "priceLast": 0.067,
    "securityType": 1,
    "volume": 4409,
    "statusCode": "",
    "isin": "AU0000049025",
    "priceClose": 0.067,
    "priceDayHigh": 0.067,
    "priceDayLow": 0.067,
    "priceFiftyTwoWeekHigh": 0.215,
    "priceFiftyTwoWeekLow": 0.056,
    "volumeAverage": 153999.626506,
    "cashFlow": -23.12197,
    "earningsPerShare": -0.05944,
    "freeCashFlowYield": -0.0000100000010000001,
    "priceEarningsRatio": -99999.99,
    "priceToCash": -99999.99,
    "foreignExempt": false,
    "shareDescription": "Ordinary Fully Paid",
    "numOfShares": 266361717,
    "yieldAnnual": 0,
    "incomeStatement": [
      {
        "revenue": 5727690,
        "netIncome": -13500100,
        "period": "2022A",
        "fPeriodEndDate": 44742,
        "curCode": "AUD"
      },
      {
        "revenue": 4042170,
        "netIncome": -8546090,
        "period": "2021A",
        "fPeriodEndDate": 44377,
        "curCode": "AUD"
      },
      {
        "revenue": 2759780,
        "netIncome": -3826550,
        "period": "2020A",
        "fPeriodEndDate": 44012,
        "curCode": "AUD"
      },
      {
        "revenue": 1238440,
        "netIncome": -1154930,
        "period": "2019A",
        "fPeriodEndDate": 43646,
        "curCode": "AUD"
      }
    ]
  },
  {
    "symbol": "RAS",
    "displayName": "RAGUSA MINERALS LTD",
    "industry": "Diversified Financials",
    "dateListed": "2010-07-13",
    "marketCap": 45819419,
    "xid": "25223544",
    "priceChangeFiveDayPercent": 17.187499999999996,
    "isRecentListing": false,
    "priceAsk": 0.38,
    "priceBid": 0.375,
    "priceChange": 0.024999999999999967,
    "priceChangePercent": 7.142857142857132,
    "priceLast": 0.375,
    "securityType": 1,
    "volume": 4789879,
    "statusCode": "",
    "isin": "AU0000107898",
    "priceClose": 0.35000000000000003,
    "priceDayHigh": 0.39,
    "priceDayLow": 0.36,
    "priceFiftyTwoWeekHigh": 0.445,
    "priceFiftyTwoWeekLow": 0.053,
    "volumeAverage": 5643458.846154,
    "dateExDate": "2014-10-08",
    "datePayDate": "2014-10-31",
    "dateRecordDate": "2014-10-10",
    "dividend": 0.01,
    "dividendType": "F",
    "frankingPercent": 100,
    "cashFlow": -0.81705,
    "earningsPerShare": -0.01128,
    "freeCashFlowYield": -0.0000100000010000001,
    "priceEarningsRatio": -99999.99,
    "priceToCash": -99999.99,
    "foreignExempt": false,
    "shareDescription": "Ordinary Fully Paid",
    "numOfShares": 130912627,
    "yieldAnnual": 0,
    "incomeStatement": [
      {
        "revenue": 6720,
        "netIncome": -548720,
        "period": "2021A",
        "fPeriodEndDate": 44377,
        "curCode": "AUD"
      },
      {
        "revenue": 40,
        "netIncome": -294710,
        "period": "2020A",
        "fPeriodEndDate": 44012,
        "curCode": "AUD"
      },
      {
        "revenue": 310,
        "netIncome": -260200,
        "period": "2019A",
        "fPeriodEndDate": 43646,
        "curCode": "AUD"
      },
      {
        "revenue": 980,
        "netIncome": -282010,
        "period": "2018A",
        "fPeriodEndDate": 43281,
        "curCode": "AUD"
      }
    ]
  },
  {
    "symbol": "RZI",
    "displayName": "RAIZ INVEST LIMITED",
    "industry": "Diversified Financials",
    "dateListed": "2018-06-21",
    "marketCap": 48591642,
    "xid": "475622900",
    "priceChangeFiveDayPercent": 0.980392156862746,
    "isRecentListing": false,
    "priceAsk": 0.53,
    "priceBid": 0.5,
    "priceChange": -0.0050000000000000044,
    "priceChangePercent": -0.9615384615384623,
    "priceLast": 0.515,
    "sector": "Financials",
    "industryGroup": "Diversified Financials",
    "securityType": 1,
    "volume": 45540,
    "statusCode": "",
    "isin": "AU0000010761",
    "priceClose": 0.52,
    "priceDayHigh": 0.53,
    "priceDayLow": 0.5,
    "priceFiftyTwoWeekHigh": 1.95,
    "priceFiftyTwoWeekLow": 0.42,
    "volumeAverage": 91343.83871,
    "cashFlow": -5.793,
    "earningsPerShare": -0.10414,
    "freeCashFlowYield": -0.0000100000010000001,
    "priceEarningsRatio": -99999.99,
    "priceToCash": -99999.99,
    "foreignExempt": false,
    "shareDescription": "Ordinary Fully Paid",
    "numOfShares": 93445466,
    "yieldAnnual": 0,
    "incomeStatement": [
      {
        "revenue": 19339000,
        "netIncome": -9634000,
        "period": "2022A",
        "fPeriodEndDate": 44742,
        "curCode": "AUD"
      },
      {
        "revenue": 13968000,
        "netIncome": -3520000,
        "period": "2021A",
        "fPeriodEndDate": 44377,
        "curCode": "AUD"
      },
      {
        "revenue": 10289000,
        "netIncome": -4528000,
        "period": "2020A",
        "fPeriodEndDate": 44012,
        "curCode": "AUD"
      },
      {
        "revenue": 6227000,
        "netIncome": -7019000,
        "period": "2019A",
        "fPeriodEndDate": 43646,
        "curCode": "AUD"
      }
    ]
  },
  {
    "symbol": "RPL",
    "displayName": "REGAL PARTNERS LIMITED",
    "industry": "Diversified Financials",
    "dateListed": "2019-06-21",
    "marketCap": 633335836,
    "xid": "539657119",
    "priceChangeFiveDayPercent": -0.3773584905660297,
    "isRecentListing": false,
    "priceAsk": 2.64,
    "priceBid": 2.6,
    "priceChange": 0.040000000000000036,
    "priceChangePercent": 1.5384615384615399,
    "priceLast": 2.64,
    "sector": "Financials",
    "industryGroup": "Diversified Financials",
    "securityType": 1,
    "volume": 8368,
    "statusCode": "",
    "isin": "AU0000226300",
    "priceClose": 2.6,
    "priceDayHigh": 2.64,
    "priceDayLow": 2.6,
    "priceFiftyTwoWeekHigh": 5.81681,
    "priceFiftyTwoWeekLow": 2.42531,
    "volumeAverage": 43559.694709,
    "dateExDate": "2022-06-01",
    "datePayDate": "2022-06-09",
    "dateRecordDate": "2022-06-02",
    "dividend": 0.3971,
    "dividendType": "I",
    "frankingPercent": 100,
    "cashFlow": 3.532,
    "earningsPerShare": 0.02742,
    "freeCashFlowYield": 0.012123985207283168,
    "priceEarningsRatio": 97.00948,
    "priceToCash": 82.48113,
    "foreignExempt": false,
    "shareDescription": "Ordinary Fully Paid",
    "numOfShares": 243590706,
    "yieldAnnual": 22.692307692307693,
    "incomeStatement": [
      {
        "revenue": 86661000,
        "netIncome": 42707000,
        "period": "2021A",
        "fPeriodEndDate": 44561,
        "curCode": "AUD"
      },
      {
        "revenue": 57373000,
        "netIncome": 25916000,
        "period": "2020A",
        "fPeriodEndDate": 44196,
        "curCode": "AUD"
      },
      {
        "revenue": 67929000,
        "netIncome": 27983000,
        "period": "2019A",
        "fPeriodEndDate": 43830,
        "curCode": "AUD"
      },
      {
        "revenue": 15717000,
        "netIncome": 5651000,
        "period": "2018A",
        "fPeriodEndDate": 43465,
        "curCode": "AUD"
      }
    ]
  },
  {
    "symbol": "SWF",
    "displayName": "SELFWEALTH LIMITED",
    "industry": "Diversified Financials",
    "dateListed": "2017-11-23",
    "marketCap": 46187616,
    "xid": "431866135",
    "priceChangeFiveDayPercent": 2.500000000000002,
    "isRecentListing": false,
    "priceAsk": 0.21,
    "priceBid": 0.20500000000000002,
    "priceChange": 0.010000000000000009,
    "priceChangePercent": 5.128205128205132,
    "priceLast": 0.20500000000000002,
    "sector": "Financials",
    "industryGroup": "Diversified Financials",
    "securityType": 1,
    "volume": 1058897,
    "statusCode": "",
    "isin": "AU000000SWF8",
    "priceClose": 0.195,
    "priceDayHigh": 0.215,
    "priceDayLow": 0.2,
    "priceFiftyTwoWeekHigh": 0.405,
    "priceFiftyTwoWeekLow": 0.135,
    "volumeAverage": 293793.152174,
    "cashFlow": -7.14118,
    "earningsPerShare": -0.02669,
    "freeCashFlowYield": -0.0000100000010000001,
    "priceEarningsRatio": -99999.99,
    "priceToCash": -99999.99,
    "foreignExempt": false,
    "shareDescription": "Ordinary Fully Paid",
    "numOfShares": 236859569,
    "yieldAnnual": 0,
    "incomeStatement": [
      {
        "revenue": 20263910,
        "netIncome": -6264480,
        "period": "2022A",
        "fPeriodEndDate": 44742,
        "curCode": "AUD"
      },
      {
        "revenue": 18342510,
        "netIncome": -646700,
        "period": "2021A",
        "fPeriodEndDate": 44377,
        "curCode": "AUD"
      },
      {
        "revenue": 8038280,
        "netIncome": -3044690,
        "period": "2020A",
        "fPeriodEndDate": 44012,
        "curCode": "AUD"
      },
      {
        "revenue": 3280690,
        "netIncome": -3446960,
        "period": "2019A",
        "fPeriodEndDate": 43646,
        "curCode": "AUD"
      }
    ]
  },
  {
    "symbol": "SEQ",
    "displayName": "SEQUOIA FINANCIAL GROUP LTD",
    "industry": "Diversified Financials",
    "dateListed": "2000-09-19",
    "marketCap": 74953829,
    "xid": "82038",
    "priceChangeFiveDayPercent": -6.77966101694914,
    "isRecentListing": false,
    "priceAsk": 0.55,
    "priceBid": 0.54,
    "priceChange": 0,
    "priceChangePercent": 0,
    "priceLast": 0.55,
    "sector": "Financials",
    "industryGroup": "Diversified Financials",
    "securityType": 1,
    "volume": 0,
    "statusCode": "XD",
    "isin": "AU000000SEQ3",
    "priceClose": 0.55,
    "priceFiftyTwoWeekHigh": 0.76,
    "priceFiftyTwoWeekLow": 0.5,
    "volumeAverage": 83320.928571,
    "dateExDate": "2022-09-09",
    "datePayDate": "2022-10-10",
    "dateRecordDate": "2022-09-12",
    "dividend": 0.009,
    "dividendType": "F",
    "frankingPercent": 100,
    "cashFlow": 7.4536,
    "earningsPerShare": 0.04235,
    "freeCashFlowYield": 0.12140283402775755,
    "priceEarningsRatio": 12.98701,
    "priceToCash": 8.23704,
    "foreignExempt": false,
    "shareDescription": "Ordinary Fully Paid",
    "numOfShares": 136279689,
    "yieldAnnual": 2.5454545454545454,
    "incomeStatement": [
      {
        "revenue": 147312720,
        "netIncome": 5714300,
        "period": "2022A",
        "fPeriodEndDate": 44742,
        "curCode": "AUD"
      },
      {
        "revenue": 116462660,
        "netIncome": 5548260,
        "period": "2021A",
        "fPeriodEndDate": 44377,
        "curCode": "AUD"
      },
      {
        "revenue": 84498650,
        "netIncome": 1932470,
        "period": "2020A",
        "fPeriodEndDate": 44012,
        "curCode": "AUD"
      },
      {
        "revenue": 83018040,
        "netIncome": -1001370,
        "period": "2019A",
        "fPeriodEndDate": 43646,
        "curCode": "AUD"
      }
    ]
  },
  {
    "symbol": "SOR",
    "displayName": "STRATEGIC ELEMENTS LIMITED",
    "industry": "Diversified Financials",
    "dateListed": "2011-08-11",
    "marketCap": 59609183,
    "xid": "34830437",
    "priceChangeFiveDayPercent": -6.060606060606066,
    "isRecentListing": false,
    "priceAsk": 0.16,
    "priceBid": 0.15,
    "priceChange": 0.0025000000000000022,
    "priceChangePercent": 1.6393442622950836,
    "priceLast": 0.155,
    "sector": "Financials",
    "industryGroup": "Diversified Financials",
    "securityType": 1,
    "volume": 357231,
    "statusCode": "",
    "isin": "AU000000SOR0",
    "priceClose": 0.1525,
    "priceDayHigh": 0.16,
    "priceDayLow": 0.155,
    "priceFiftyTwoWeekHigh": 0.315,
    "priceFiftyTwoWeekLow": 0.135,
    "volumeAverage": 520405.655914,
    "cashFlow": -3.10169,
    "earningsPerShare": -0.0089,
    "freeCashFlowYield": -0.0000100000010000001,
    "priceEarningsRatio": -99999.99,
    "priceToCash": -99999.99,
    "foreignExempt": false,
    "shareDescription": "Ordinary Fully Paid",
    "numOfShares": 390879891,
    "yieldAnnual": 0,
    "incomeStatement": [
      {
        "revenue": 184500,
        "netIncome": -3465940,
        "period": "2022A",
        "fPeriodEndDate": 44742,
        "curCode": "AUD"
      },
      {
        "revenue": 1177610,
        "netIncome": -2356800,
        "period": "2021A",
        "fPeriodEndDate": 44377,
        "curCode": "AUD"
      },
      {
        "revenue": 1056620,
        "netIncome": -2547830,
        "period": "2020A",
        "fPeriodEndDate": 44012,
        "curCode": "AUD"
      },
      {
        "revenue": 457760,
        "netIncome": -1980370,
        "period": "2019A",
        "fPeriodEndDate": 43646,
        "curCode": "AUD"
      }
    ]
  },
  {
    "symbol": "TIP",
    "displayName": "TEAMINVEST PRIVATE GROUP LIMITED",
    "industry": "Diversified Financials",
    "dateListed": "2019-05-24",
    "marketCap": 65865451,
    "xid": "527989515",
    "priceChangeFiveDayPercent": 1.960784313725492,
    "isRecentListing": false,
    "priceAsk": 0.54,
    "priceBid": 0.51,
    "priceChange": 0.020000000000000018,
    "priceChangePercent": 4.0000000000000036,
    "priceLast": 0.52,
    "sector": "Financials",
    "industryGroup": "Diversified Financials",
    "securityType": 1,
    "volume": 18226,
    "statusCode": "XD",
    "isin": "AU0000041717",
    "priceClose": 0.5,
    "priceDayHigh": 0.52,
    "priceDayLow": 0.505,
    "priceFiftyTwoWeekHigh": 0.62,
    "priceFiftyTwoWeekLow": 0.335,
    "volumeAverage": 179560.482759,
    "dateExDate": "2022-08-30",
    "datePayDate": "2022-10-14",
    "dateRecordDate": "2022-08-31",
    "dividend": 0.003,
    "dividendType": "F",
    "frankingPercent": 100,
    "cashFlow": -0.536,
    "earningsPerShare": -0.13476,
    "freeCashFlowYield": -0.0000100000010000001,
    "priceEarningsRatio": -99999.99,
    "priceToCash": -99999.99,
    "foreignExempt": false,
    "shareDescription": "Ordinary Fully Paid",
    "numOfShares": 131730901,
    "yieldAnnual": 0,
    "incomeStatement": [
      {
        "revenue": 92680000,
        "netIncome": -17751000,
        "period": "2022A",
        "fPeriodEndDate": 44742,
        "curCode": "AUD"
      },
      {
        "revenue": 91704000,
        "netIncome": 5201000,
        "period": "2021A",
        "fPeriodEndDate": 44377,
        "curCode": "AUD"
      },
      {
        "revenue": 89095000,
        "netIncome": 8306000,
        "period": "2020A",
        "fPeriodEndDate": 44012,
        "curCode": "AUD"
      },
      {
        "revenue": 28387000,
        "netIncome": -1826000,
        "period": "2019A",
        "fPeriodEndDate": 43646,
        "curCode": "AUD"
      }
    ]
  },
  {
    "symbol": "TVL",
    "displayName": "TOUCH VENTURES LIMITED",
    "industry": "Diversified Financials",
    "dateListed": "2021-09-29",
    "marketCap": 82037535,
    "xid": "679871607",
    "priceChangeFiveDayPercent": 4.545454545454549,
    "isRecentListing": false,
    "priceAsk": 0.12,
    "priceBid": 0.115,
    "priceChange": 0,
    "priceChangePercent": 0,
    "priceLast": 0.115,
    "sector": "Financials",
    "industryGroup": "Diversified Financials",
    "securityType": 1,
    "volume": 20985,
    "statusCode": "",
    "isin": "AU0000175424",
    "priceClose": 0.115,
    "priceDayHigh": 0.12,
    "priceDayLow": 0.115,
    "priceFiftyTwoWeekHigh": 0.74,
    "priceFiftyTwoWeekLow": 0.096,
    "volumeAverage": 595183.347826,
    "cashFlow": -5.827,
    "earningsPerShare": -0.042,
    "freeCashFlowYield": -0.0000100000010000001,
    "priceEarningsRatio": -99999.99,
    "priceToCash": -99999.99,
    "foreignExempt": false,
    "shareDescription": "Ordinary Fully Paid",
    "numOfShares": 713369868,
    "yieldAnnual": 0,
    "incomeStatement": [
      {
        "revenue": 15692000,
        "netIncome": 13888000,
        "period": "2021A",
        "fPeriodEndDate": 44561,
        "curCode": "AUD"
      },
      {
        "revenue": 0,
        "netIncome": -3407000,
        "period": "2020A",
        "fPeriodEndDate": 44196,
        "curCode": "AUD"
      },
      {
        "revenue": 0,
        "netIncome": -1906000,
        "period": "2019A",
        "fPeriodEndDate": 43830,
        "curCode": "AUD"
      },
      {
        "revenue": 110,
        "netIncome": -14018100,
        "period": "2018A",
        "fPeriodEndDate": 43465,
        "curCode": "AUD"
      }
    ]
  },
  {
    "symbol": "WZR",
    "displayName": "WISR LIMITED",
    "industry": "Diversified Financials",
    "dateListed": "1989-03-16",
    "marketCap": 75947465,
    "xid": "59739",
    "priceChangeFiveDayPercent": -5.084745762711858,
    "isRecentListing": false,
    "priceAsk": 0.059000000000000004,
    "priceBid": 0.056,
    "priceChange": 0,
    "priceChangePercent": 0,
    "priceLast": 0.056,
    "sector": "Financials",
    "industryGroup": "Diversified Financials",
    "securityType": 1,
    "volume": 436010,
    "statusCode": "",
    "isin": "AU0000004129",
    "priceClose": 0.056,
    "priceDayHigh": 0.058,
    "priceDayLow": 0.055,
    "priceFiftyTwoWeekHigh": 0.29,
    "priceFiftyTwoWeekLow": 0.054,
    "volumeAverage": 2875187.021505,
    "dateExDate": "2014-10-13",
    "datePayDate": "2014-10-24",
    "dateRecordDate": "2014-10-15",
    "dividend": 0.015,
    "dividendType": "I",
    "frankingPercent": 0,
    "cashFlow": -5.24697,
    "earningsPerShare": -0.01474,
    "freeCashFlowYield": -0.0000100000010000001,
    "priceEarningsRatio": -99999.99,
    "priceToCash": -99999.99,
    "foreignExempt": false,
    "shareDescription": "Ordinary Fully Paid",
    "numOfShares": 1356204729,
    "yieldAnnual": 0,
    "incomeStatement": [
      {
        "revenue": 59392200,
        "netIncome": -19904910,
        "period": "2022A",
        "fPeriodEndDate": 44742,
        "curCode": "AUD"
      },
      {
        "revenue": 27230990,
        "netIncome": -17639320,
        "period": "2021A",
        "fPeriodEndDate": 44377,
        "curCode": "AUD"
      },
      {
        "revenue": 7166320,
        "netIncome": -23534830,
        "period": "2020A",
        "fPeriodEndDate": 44012,
        "curCode": "AUD"
      },
      {
        "revenue": 3042590,
        "netIncome": -7731040,
        "period": "2019A",
        "fPeriodEndDate": 43646,
        "curCode": "AUD"
      }
    ]
  },
  {
    "symbol": "WTL",
    "displayName": "WT FINANCIAL GROUP LIMITED",
    "industry": "Diversified Financials",
    "dateListed": "2015-03-09",
    "marketCap": 30181599,
    "xid": "85346187",
    "priceChangeFiveDayPercent": 11.904761904761898,
    "isRecentListing": false,
    "priceAsk": 0.095,
    "priceBid": 0.09,
    "priceChange": 0,
    "priceChangePercent": 0,
    "priceLast": 0.094,
    "sector": "Financials",
    "industryGroup": "Diversified Financials",
    "securityType": 1,
    "volume": 0,
    "statusCode": "",
    "isin": "AU0000065054",
    "priceClose": 0.094,
    "priceFiftyTwoWeekHigh": 0.115,
    "priceFiftyTwoWeekLow": 0.071,
    "volumeAverage": 106145.266667,
    "dateExDate": "2017-03-22",
    "datePayDate": "2017-04-06",
    "dateRecordDate": "2017-03-23",
    "dividend": 0.005,
    "dividendType": "I",
    "frankingPercent": 100,
    "cashFlow": -2.17122,
    "earningsPerShare": 0.00661,
    "freeCashFlowYield": 0.09250360070265737,
    "priceEarningsRatio": 12.10287,
    "priceToCash": 10.81039,
    "foreignExempt": false,
    "shareDescription": "Ordinary Fully Paid",
    "numOfShares": 321080842,
    "yieldAnnual": 0,
    "incomeStatement": [
      {
        "revenue": 101722350,
        "netIncome": 1873530,
        "period": "2022A",
        "fPeriodEndDate": 44742,
        "curCode": "AUD"
      },
      {
        "revenue": 12765460,
        "netIncome": -3287500,
        "period": "2021A",
        "fPeriodEndDate": 44377,
        "curCode": "AUD"
      },
      {
        "revenue": 12056930,
        "netIncome": -593510,
        "period": "2020A",
        "fPeriodEndDate": 44012,
        "curCode": "AUD"
      },
      {
        "revenue": 10525800,
        "netIncome": -928920,
        "period": "2019A",
        "fPeriodEndDate": 43646,
        "curCode": "AUD"
      }
    ]
  },
  {
    "symbol": "ZIP",
    "displayName": "ZIP CO LIMITED..",
    "industry": "Diversified Financials",
    "dateListed": "2009-12-09",
    "marketCap": 467983971,
    "xid": "21702225",
    "priceChangeFiveDayPercent": -4.109589041095879,
    "isRecentListing": false,
    "priceAsk": 0.7000000000000001,
    "priceBid": 0.6900000000000001,
    "priceChange": 0.030000000000000027,
    "priceChangePercent": 4.4776119402985115,
    "priceLast": 0.7000000000000001,
    "sector": "Financials",
    "industryGroup": "Diversified Financials",
    "securityType": null,
    "volume": 4739297,
    "upcomingEventName": "Annual General Meeting",
    "statusCode": "",
    "isin": "AU0000218307",
    "priceClose": 0.67,
    "priceDayHigh": 0.735,
    "priceDayLow": 0.6900000000000001,
    "priceFiftyTwoWeekHigh": 7.42,
    "priceFiftyTwoWeekLow": 0.435,
    "volumeAverage": 13011317.978495,
    "cashFlow": -781.932,
    "earningsPerShare": -1.74877,
    "freeCashFlowYield": -0.0000100000010000001,
    "priceEarningsRatio": -99999.99,
    "priceToCash": -99999.99,
    "foreignExempt": false,
    "shareDescription": "Ordinary Fully Paid",
    "numOfShares": 698483539,
    "yieldAnnual": 0,
    "incomeStatement": [
      {
        "revenue": 620003000,
        "netIncome": -1105093000,
        "period": "2022A",
        "fPeriodEndDate": 44742,
        "curCode": "AUD"
      },
      {
        "revenue": 393919000,
        "netIncome": -678148000,
        "period": "2021A",
        "fPeriodEndDate": 44377,
        "curCode": "AUD"
      },
      {
        "revenue": 160177000,
        "netIncome": -19941000,
        "period": "2020A",
        "fPeriodEndDate": 44012,
        "curCode": "AUD"
      },
      {
        "revenue": 82378000,
        "netIncome": -11133000,
        "period": "2019A",
        "fPeriodEndDate": 43646,
        "curCode": "AUD"
      }
    ]
  }
]