[
  {
    "symbol": "T3D",
    "displayName": "333D LIMITED",
    "industry": "Commercial & Professional Services",
    "dateListed": "2006-12-27",
    "marketCap": 6108593,
    "xid": "5947361",
    "priceChangeFiveDayPercent": 0,
    "isRecentListing": false,
    "priceAsk": 0.002,
    "priceBid": 0.001,
    "priceChange": 0,
    "priceChangePercent": 0,
    "priceLast": 0.002,
    "sector": "Industrials",
    "industryGroup": "Commercial & Professional Services",
    "securityType": 1,
    "volume": 498,
    "statusCode": "",
    "isin": "AU000000T3D6",
    "priceClose": 0.002,
    "priceDayHigh": 0.002,
    "priceDayLow": 0.002,
    "priceFiftyTwoWeekHigh": 0.005,
    "priceFiftyTwoWeekLow": 0.001,
    "volumeAverage": 837894.953488,
    "cashFlow": -0.19578,
    "earningsPerShare": -0.00047,
    "freeCashFlowYield": -0.0000100000010000001,
    "priceEarningsRatio": -99999.99,
    "priceToCash": -99999.99,
    "foreignExempt": false,
    "shareDescription": "Ordinary Fully Paid",
    "numOfShares": 3054296668,
    "yieldAnnual": 0,
    "incomeStatement": [
      {
        "revenue": 63680,
        "netIncome": -1235030,
        "period": "2022A",
        "fPeriodEndDate": 44742,
        "curCode": "AUD"
      },
      {
        "revenue": 114970,
        "netIncome": -338790,
        "period": "2021A",
        "fPeriodEndDate": 44377,
        "curCode": "AUD"
      },
      {
        "revenue": 186150,
        "netIncome": -598090,
        "period": "2020A",
        "fPeriodEndDate": 44012,
        "curCode": "AUD"
      },
      {
        "revenue": 430620,
        "netIncome": 374440,
        "period": "2019A",
        "fPeriodEndDate": 43646,
        "curCode": "AUD"
      }
    ]
  },
  {
    "symbol": "3MF",
    "displayName": "3D METALFORGE LIMITED",
    "industry": "Commercial & Professional Services",
    "dateListed": "2021-03-02",
    "marketCap": -1,
    "xid": "636135750",
    "priceChangeFiveDayPercent": 0,
    "isRecentListing": false,
    "priceChange": 0,
    "priceChangePercent": 0,
    "priceLast": 0.013000000000000001,
    "sector": "Industrials",
    "industryGroup": "Commercial & Professional Services",
    "securityType": 1,
    "volume": 0,
    "statusCode": "",
    "isin": "AU0000130122",
    "priceClose": 0.013000000000000001,
    "priceFiftyTwoWeekHigh": 0.16,
    "priceFiftyTwoWeekLow": 0.011,
    "volumeAverage": 384497.847826,
    "cashFlow": -6.61752,
    "earningsPerShare": -0.03063,
    "freeCashFlowYield": -0.0000100000010000001,
    "priceEarningsRatio": -99999.99,
    "priceToCash": -99999.99,
    "foreignExempt": false,
    "shareDescription": "Ordinary Fully Paid",
    "numOfShares": 240839445,
    "yieldAnnual": 0,
    "incomeStatement": [
      {
        "revenue": 1300600,
        "netIncome": -5140480,
        "period": "2021A",
        "fPeriodEndDate": 44561,
        "curCode": "AUD"
      },
      {
        "revenue": 0,
        "netIncome": -470310,
        "period": "2020A",
        "fPeriodEndDate": 44196,
        "curCode": "AUD"
      }
    ]
  },
  {
    "symbol": "AEI",
    "displayName": "AERIS ENVIRONMENTAL LTD",
    "industry": "Commercial & Professional Services",
    "dateListed": "2000-09-12",
    "marketCap": 7860626,
    "xid": "39459",
    "priceChangeFiveDayPercent": -3.030303030303033,
    "isRecentListing": false,
    "priceAsk": 0.04,
    "priceBid": 0.032,
    "priceChange": 0,
    "priceChangePercent": 0,
    "priceLast": 0.032,
    "sector": "Industrials",
    "industryGroup": "Commercial & Professional Services",
    "securityType": 1,
    "volume": 0,
    "statusCode": "",
    "isin": "AU000000AEI8",
    "priceClose": 0.032,
    "priceFiftyTwoWeekHigh": 0.145,
    "priceFiftyTwoWeekLow": 0.032,
    "volumeAverage": 176860.238806,
    "cashFlow": -6.17119,
    "earningsPerShare": -0.02923,
    "freeCashFlowYield": -0.0000100000010000001,
    "priceEarningsRatio": -99999.99,
    "priceToCash": -99999.99,
    "foreignExempt": false,
    "shareDescription": "Ordinary Fully Paid",
    "numOfShares": 245644551,
    "yieldAnnual": 0,
    "incomeStatement": [
      {
        "revenue": 2806840,
        "netIncome": -7130430,
        "period": "2022A",
        "fPeriodEndDate": 44742,
        "curCode": "AUD"
      },
      {
        "revenue": 7336310,
        "netIncome": -5867180,
        "period": "2021A",
        "fPeriodEndDate": 44377,
        "curCode": "AUD"
      },
      {
        "revenue": 14669660,
        "netIncome": 1982940,
        "period": "2020A",
        "fPeriodEndDate": 44012,
        "curCode": "AUD"
      },
      {
        "revenue": 6980770,
        "netIncome": -3628500,
        "period": "2019A",
        "fPeriodEndDate": 43646,
        "curCode": "AUD"
      }
    ]
  },
  {
    "symbol": "AMX",
    "displayName": "AEROMETREX LIMITED",
    "industry": "Commercial & Professional Services",
    "dateListed": "2019-12-10",
    "marketCap": 37052000,
    "xid": "566027169",
    "priceChangeFiveDayPercent": 7.89473684210527,
    "isRecentListing": false,
    "priceAsk": 0.42,
    "priceBid": 0.38,
    "priceChange": 0.017500000000000016,
    "priceChangePercent": 4.458598726114653,
    "priceLast": 0.41000000000000003,
    "sector": "Industrials",
    "industryGroup": "Commercial & Professional Services",
    "securityType": 1,
    "volume": 45574,
    "statusCode": "",
    "isin": "AU0000064560",
    "priceClose": 0.3925,
    "priceDayHigh": 0.41000000000000003,
    "priceDayLow": 0.395,
    "priceFiftyTwoWeekHigh": 0.8,
    "priceFiftyTwoWeekLow": 0.205,
    "volumeAverage": 96909.233333,
    "cashFlow": -3.806,
    "earningsPerShare": -0.01718,
    "freeCashFlowYield": 0.21044302465550477,
    "priceEarningsRatio": -99999.99,
    "priceToCash": 4.75188,
    "foreignExempt": false,
    "shareDescription": "Ordinary Fully Paid",
    "numOfShares": 94400000,
    "yieldAnnual": 0,
    "incomeStatement": [
      {
        "revenue": 25030000,
        "netIncome": -1622000,
        "period": "2022A",
        "fPeriodEndDate": 44742,
        "curCode": "AUD"
      },
      {
        "revenue": 20941000,
        "netIncome": -4122000,
        "period": "2021A",
        "fPeriodEndDate": 44377,
        "curCode": "AUD"
      },
      {
        "revenue": 20091000,
        "netIncome": -293000,
        "period": "2020A",
        "fPeriodEndDate": 44012,
        "curCode": "AUD"
      },
      {
        "revenue": 16109000,
        "netIncome": 2562000,
        "period": "2019A",
        "fPeriodEndDate": 43646,
        "curCode": "AUD"
      }
    ]
  },
  {
    "symbol": "AFL",
    "displayName": "AF LEGAL GROUP LTD",
    "industry": "Commercial & Professional Services",
    "dateListed": "2003-09-19",
    "marketCap": 16455330,
    "xid": "209421",
    "priceChangeFiveDayPercent": 0,
    "isRecentListing": false,
    "priceAsk": 0.225,
    "priceBid": 0.2,
    "priceChange": 0.0050000000000000044,
    "priceChangePercent": 2.325581395348839,
    "priceLast": 0.22,
    "sector": "Industrials",
    "industryGroup": "Commercial & Professional Services",
    "securityType": 1,
    "volume": 66300,
    "upcomingEventName": "Annual General Meeting",
    "statusCode": "",
    "isin": "AU0000048001",
    "priceClose": 0.215,
    "priceDayHigh": 0.22,
    "priceDayLow": 0.22,
    "priceFiftyTwoWeekHigh": 0.505,
    "priceFiftyTwoWeekLow": 0.2,
    "volumeAverage": 178857.372093,
    "cashFlow": 0.595,
    "earningsPerShare": -0.0011,
    "freeCashFlowYield": 0.09215655555657952,
    "priceEarningsRatio": -99999.99,
    "priceToCash": 10.8511,
    "foreignExempt": false,
    "shareDescription": "Ordinary Fully Paid",
    "numOfShares": 76536418,
    "yieldAnnual": 0,
    "incomeStatement": [
      {
        "revenue": 18605000,
        "netIncome": -96000,
        "period": "2022A",
        "fPeriodEndDate": 44742,
        "curCode": "AUD"
      },
      {
        "revenue": 11045040,
        "netIncome": -482440,
        "period": "2021A",
        "fPeriodEndDate": 44377,
        "curCode": "AUD"
      },
      {
        "revenue": 6892380,
        "netIncome": 422380,
        "period": "2020A",
        "fPeriodEndDate": 44012,
        "curCode": "AUD"
      },
      {
        "revenue": 429510,
        "netIncome": -1203790,
        "period": "2019A",
        "fPeriodEndDate": 43646,
        "curCode": "AUD"
      }
    ]
  },
  {
    "symbol": "AIM",
    "displayName": "AI-MEDIA TECHNOLOGIES LIMITED",
    "industry": "Commercial & Professional Services",
    "dateListed": "2020-09-15",
    "marketCap": 71758677,
    "xid": "614419228",
    "priceChangeFiveDayPercent": 0,
    "isRecentListing": false,
    "priceAsk": 0.33,
    "priceBid": 0.325,
    "priceChange": -0.015000000000000013,
    "priceChangePercent": -4.347826086956525,
    "priceLast": 0.33,
    "sector": "Industrials",
    "industryGroup": "Commercial & Professional Services",
    "securityType": 1,
    "volume": 16197,
    "statusCode": "",
    "isin": "AU0000101636",
    "priceClose": 0.34500000000000003,
    "priceDayHigh": 0.34500000000000003,
    "priceDayLow": 0.33,
    "priceFiftyTwoWeekHigh": 1.15,
    "priceFiftyTwoWeekLow": 0.22,
    "volumeAverage": 393419.674157,
    "cashFlow": -0.60268,
    "earningsPerShare": -0.02356,
    "freeCashFlowYield": -0.0000100000010000001,
    "priceEarningsRatio": -99999.99,
    "priceToCash": -99999.99,
    "foreignExempt": false,
    "shareDescription": "Ordinary Fully Paid",
    "numOfShares": 207996164,
    "yieldAnnual": 0,
    "incomeStatement": [
      {
        "revenue": 60114560,
        "netIncome": -4923720,
        "period": "2022A",
        "fPeriodEndDate": 44742,
        "curCode": "AUD"
      },
      {
        "revenue": 49201210,
        "netIncome": -10691490,
        "period": "2021A",
        "fPeriodEndDate": 44377,
        "curCode": "AUD"
      },
      {
        "revenue": 26406920,
        "netIncome": -12741150,
        "period": "2020A",
        "fPeriodEndDate": 44012,
        "curCode": "AUD"
      },
      {
        "revenue": 18562320,
        "netIncome": -3882600,
        "period": "2019A",
        "fPeriodEndDate": 43646,
        "curCode": "AUD"
      }
    ]
  },
  {
    "symbol": "ALQ",
    "displayName": "ALS LIMITED",
    "industry": "Commercial & Professional Services",
    "dateListed": "1952-07-18",
    "marketCap": 5364577939,
    "xid": "79955",
    "priceChangeFiveDayPercent": -1.420959147424513,
    "isRecentListing": false,
    "priceAsk": 11.200000000000001,
    "priceBid": 10.9,
    "priceChange": 0.019999999999999574,
    "priceChangePercent": 0.18050541516245103,
    "priceLast": 11.1,
    "sector": "Industrials",
    "industryGroup": "Commercial & Professional Services",
    "securityType": 1,
    "volume": 1172481,
    "statusCode": "",
    "isin": "AU000000ALQ6",
    "priceClose": 11.08,
    "priceDayHigh": 11.31,
    "priceDayLow": 10.97,
    "priceFiftyTwoWeekHigh": 14.14,
    "priceFiftyTwoWeekLow": 9.96,
    "volumeAverage": 1127542.44086,
    "dateExDate": "2022-06-06",
    "datePayDate": "2022-07-04",
    "dateRecordDate": "2022-06-07",
    "dividend": 0.17,
    "dividendType": "F",
    "frankingPercent": 30,
    "cashFlow": 36.6,
    "earningsPerShare": 0.39252,
    "freeCashFlowYield": 0.0626624524078674,
    "priceEarningsRatio": 27.79476,
    "priceToCash": 15.95852,
    "foreignExempt": false,
    "shareDescription": "Ordinary Fully Paid",
    "numOfShares": 484167684,
    "yieldAnnual": 2.954954954954955,
    "incomeStatement": [
      {
        "revenue": 2108500000,
        "netIncome": 190500000,
        "period": "2022A",
        "fPeriodEndDate": 44651,
        "curCode": "AUD"
      },
      {
        "revenue": 1761400000,
        "netIncome": 172600000,
        "period": "2021A",
        "fPeriodEndDate": 44286,
        "curCode": "AUD"
      },
      {
        "revenue": 1853900000,
        "netIncome": 127800000,
        "period": "2020A",
        "fPeriodEndDate": 43921,
        "curCode": "AUD"
      },
      {
        "revenue": 1664800000,
        "netIncome": 153800000,
        "period": "2019A",
        "fPeriodEndDate": 43555,
        "curCode": "AUD"
      }
    ]
  },
  {
    "symbol": "AMA",
    "displayName": "AMA GROUP LIMITED",
    "industry": "Commercial & Professional Services",
    "dateListed": "2006-08-31",
    "marketCap": 214614043,
    "xid": "5332673",
    "priceChangeFiveDayPercent": -11.904761904761903,
    "isRecentListing": false,
    "priceAsk": 0.195,
    "priceBid": 0.18,
    "priceChange": -0.015000000000000013,
    "priceChangePercent": -7.500000000000006,
    "priceLast": 0.185,
    "sector": "Industrials",
    "industryGroup": "Commercial & Professional Services",
    "securityType": 1,
    "volume": 705032,
    "statusCode": "",
    "isin": "AU000000AMA8",
    "priceClose": 0.2,
    "priceDayHigh": 0.2,
    "priceDayLow": 0.18,
    "priceFiftyTwoWeekHigh": 0.51,
    "priceFiftyTwoWeekLow": 0.145,
    "volumeAverage": 1797766.451613,
    "dateExDate": "2019-09-12",
    "datePayDate": "2019-11-13",
    "dateRecordDate": "2019-09-13",
    "dividend": 0.0225,
    "dividendType": "F",
    "frankingPercent": 100,
    "cashFlow": -35.57,
    "earningsPerShare": -0.1481,
    "freeCashFlowYield": -0.0000100000010000001,
    "priceEarningsRatio": -99999.99,
    "priceToCash": -99999.99,
    "foreignExempt": false,
    "shareDescription": "Ordinary Fully Paid",
    "numOfShares": 1073070217,
    "yieldAnnual": 0,
    "incomeStatement": [
      {
        "revenue": 845127000,
        "netIncome": -144214000,
        "period": "2022A",
        "fPeriodEndDate": 44742,
        "curCode": "AUD"
      },
      {
        "revenue": 919920000,
        "netIncome": -96950000,
        "period": "2021A",
        "fPeriodEndDate": 44377,
        "curCode": "AUD"
      },
      {
        "revenue": 825408000,
        "netIncome": -70265000,
        "period": "2020A",
        "fPeriodEndDate": 44012,
        "curCode": "AUD"
      },
      {
        "revenue": 606722000,
        "netIncome": 21553000,
        "period": "2019A",
        "fPeriodEndDate": 43646,
        "curCode": "AUD"
      }
    ]
  },
  {
    "symbol": "APM",
    "displayName": "APM HUMAN SERVICES INTERNATIONAL LIMITED",
    "industry": "Commercial & Professional Services",
    "dateListed": "2021-11-12",
    "marketCap": 2999184963,
    "xid": "689448521",
    "priceChangeFiveDayPercent": -0.3048780487804813,
    "isRecentListing": false,
    "priceAsk": 3.43,
    "priceBid": 3.08,
    "priceChange": 0,
    "priceChangePercent": 0,
    "priceLast": 3.27,
    "sector": "Industrials",
    "industryGroup": "Commercial & Professional Services",
    "securityType": 1,
    "volume": 526423,
    "statusCode": "",
    "isin": "AU0000187528",
    "priceClose": 3.27,
    "priceDayHigh": 3.3200000000000003,
    "priceDayLow": 3.2,
    "priceFiftyTwoWeekHigh": 3.55,
    "priceFiftyTwoWeekLow": 2.41,
    "volumeAverage": 1048788.139785,
    "dateExDate": "2022-09-08",
    "datePayDate": "2022-09-29",
    "dateRecordDate": "2022-09-09",
    "dividend": 0.05,
    "dividendType": "F",
    "frankingPercent": 100,
    "cashFlow": 146.272,
    "earningsPerShare": 0.31162,
    "freeCashFlowYield": 0.05505455906803643,
    "priceEarningsRatio": 10.36519,
    "priceToCash": 18.1638,
    "foreignExempt": false,
    "shareDescription": "Ordinary Fully Paid",
    "numOfShares": 917181946,
    "yieldAnnual": 0,
    "incomeStatement": [
      {
        "revenue": 1328128000,
        "netIncome": 41126000,
        "period": "2022A",
        "fPeriodEndDate": 44742,
        "curCode": "AUD"
      },
      {
        "revenue": 999113000,
        "netIncome": -1919000,
        "period": "2021A",
        "fPeriodEndDate": 44377,
        "curCode": "AUD"
      }
    ]
  },
  {
    "symbol": "AQN",
    "displayName": "AQUIRIAN LIMITED",
    "industry": "Commercial & Professional Services",
    "dateListed": "2021-07-27",
    "marketCap": 27200000,
    "xid": "664264258",
    "priceChangeFiveDayPercent": 13.333333333333346,
    "isRecentListing": false,
    "priceAsk": 0.36,
    "priceBid": 0.3,
    "priceChange": 0,
    "priceChangePercent": 0,
    "priceLast": 0.34,
    "sector": "Industrials",
    "industryGroup": "Commercial & Professional Services",
    "securityType": 1,
    "volume": 51500,
    "statusCode": "",
    "isin": "AU0000158537",
    "priceClose": 0.34,
    "priceDayHigh": 0.34,
    "priceDayLow": 0.34,
    "priceFiftyTwoWeekHigh": 0.37,
    "priceFiftyTwoWeekLow": 0.195,
    "volumeAverage": 40772.655172,
    "cashFlow": -1.32927,
    "earningsPerShare": 0.00734,
    "freeCashFlowYield": 0.08540482742246523,
    "priceEarningsRatio": 45.64033,
    "priceToCash": 11.70894,
    "foreignExempt": false,
    "shareDescription": "Ordinary Fully Paid",
    "numOfShares": 80000000,
    "yieldAnnual": 0,
    "incomeStatement": [
      {
        "revenue": 17649090,
        "netIncome": 558150,
        "period": "2022A",
        "fPeriodEndDate": 44742,
        "curCode": "AUD"
      },
      {
        "revenue": 12742730,
        "netIncome": 623360,
        "period": "2021A",
        "fPeriodEndDate": 44377,
        "curCode": "AUD"
      },
      {
        "revenue": 11026850,
        "netIncome": 1174310,
        "period": "2020A",
        "fPeriodEndDate": 44012,
        "curCode": "AUD"
      }
    ]
  },
  {
    "symbol": "ARA",
    "displayName": "ARIADNE AUSTRALIA LIMITED",
    "industry": "Commercial & Professional Services",
    "dateListed": "1982-10-12",
    "marketCap": 118726628,
    "xid": "47512",
    "priceChangeFiveDayPercent": 0.8333333333333341,
    "isRecentListing": false,
    "priceAsk": 0.66,
    "priceBid": 0.615,
    "priceChange": 0,
    "priceChangePercent": 0,
    "priceLast": 0.605,
    "sector": "Industrials",
    "industryGroup": "Commercial & Professional Services",
    "securityType": 1,
    "volume": 0,
    "statusCode": "",
    "isin": "AU000000ARA7",
    "priceClose": 0.605,
    "priceFiftyTwoWeekHigh": 0.78,
    "priceFiftyTwoWeekLow": 0.59,
    "volumeAverage": 20684.910714,
    "dateExDate": "2022-09-16",
    "datePayDate": "2022-09-29",
    "dateRecordDate": "2022-09-19",
    "dividend": 0.0075,
    "dividendType": "F",
    "frankingPercent": 100,
    "cashFlow": -3.135,
    "earningsPerShare": -0.03361,
    "freeCashFlowYield": -0.0000100000010000001,
    "priceEarningsRatio": -99999.99,
    "priceToCash": -99999.99,
    "foreignExempt": false,
    "shareDescription": "Ordinary Fully Paid",
    "numOfShares": 196242360,
    "yieldAnnual": 1.652892561983471,
    "incomeStatement": [
      {
        "revenue": 1653000,
        "netIncome": -6595000,
        "period": "2022A",
        "fPeriodEndDate": 44742,
        "curCode": "AUD"
      },
      {
        "revenue": 1388000,
        "netIncome": 10572000,
        "period": "2021A",
        "fPeriodEndDate": 44377,
        "curCode": "AUD"
      },
      {
        "revenue": 10933000,
        "netIncome": -7142000,
        "period": "2020A",
        "fPeriodEndDate": 44012,
        "curCode": "AUD"
      },
      {
        "revenue": 12731000,
        "netIncome": -2912000,
        "period": "2019A",
        "fPeriodEndDate": 43646,
        "curCode": "AUD"
      }
    ]
  },
  {
    "symbol": "ASH",
    "displayName": "ASHLEY SERVICES GROUP LIMITED",
    "industry": "Commercial & Professional Services",
    "dateListed": "2014-08-21",
    "marketCap": 97903615,
    "xid": "77672033",
    "priceChangeFiveDayPercent": -4.34782608695651,
    "isRecentListing": false,
    "priceAsk": 0.685,
    "priceBid": 0.66,
    "priceChange": -0.020000000000000018,
    "priceChangePercent": -2.9411764705882377,
    "priceLast": 0.66,
    "sector": "Industrials",
    "industryGroup": "Commercial & Professional Services",
    "securityType": 1,
    "volume": 115982,
    "statusCode": "",
    "isin": "AU000000ASH0",
    "priceClose": 0.68,
    "priceDayHigh": 0.68,
    "priceDayLow": 0.65,
    "priceFiftyTwoWeekHigh": 0.81,
    "priceFiftyTwoWeekLow": 0.535,
    "volumeAverage": 56246.344444,
    "dateExDate": "2022-08-31",
    "datePayDate": "2022-09-16",
    "dateRecordDate": "2022-09-01",
    "dividend": 0.03,
    "dividendType": "F",
    "frankingPercent": 100,
    "cashFlow": -3.259,
    "earningsPerShare": 0.07859,
    "freeCashFlowYield": 0.13409103708689904,
    "priceEarningsRatio": 8.6525,
    "priceToCash": 7.45762,
    "foreignExempt": false,
    "shareDescription": "Ordinary Fully Paid",
    "numOfShares": 143975904,
    "yieldAnnual": 9.090909090909092,
    "incomeStatement": [
      {
        "revenue": 449776000,
        "netIncome": 11315000,
        "period": "2022A",
        "fPeriodEndDate": 44746,
        "curCode": "AUD"
      },
      {
        "revenue": 383672000,
        "netIncome": 8923000,
        "period": "2021A",
        "fPeriodEndDate": 44381,
        "curCode": "AUD"
      },
      {
        "revenue": 336841000,
        "netIncome": 5069000,
        "period": "2020A",
        "fPeriodEndDate": 44017,
        "curCode": "AUD"
      },
      {
        "revenue": 287570000,
        "netIncome": 5424000,
        "period": "2019A",
        "fPeriodEndDate": 43646,
        "curCode": "AUD"
      }
    ]
  },
  {
    "symbol": "AVD",
    "displayName": "AVADA GROUP LIMITED",
    "industry": "Commercial & Professional Services",
    "dateListed": "2021-12-17",
    "marketCap": 64476155,
    "xid": "689630175",
    "priceChangeFiveDayPercent": 4.99999999999999,
    "isRecentListing": false,
    "priceAsk": 0.9500000000000001,
    "priceBid": 0.84,
    "priceChange": -0.040000000000000036,
    "priceChangePercent": -4.545454545454549,
    "priceLast": 0.84,
    "sector": "Industrials",
    "industryGroup": "Commercial & Professional Services",
    "securityType": 1,
    "volume": 12723,
    "statusCode": "",
    "isin": "AU0000187932",
    "priceClose": 0.88,
    "priceDayHigh": 0.87,
    "priceDayLow": 0.84,
    "priceFiftyTwoWeekHigh": 1,
    "priceFiftyTwoWeekLow": 0.7,
    "volumeAverage": 14261.813953,
    "cashFlow": -2.586,
    "earningsPerShare": -0.36046,
    "freeCashFlowYield": -0.0000100000010000001,
    "priceEarningsRatio": -99999.99,
    "priceToCash": -99999.99,
    "foreignExempt": false,
    "shareDescription": "Ordinary Fully Paid",
    "numOfShares": 73268358,
    "yieldAnnual": 0,
    "incomeStatement": [
      {
        "revenue": 72933000,
        "netIncome": -12535000,
        "period": "2022A",
        "fPeriodEndDate": 44742,
        "curCode": "AUD"
      },
      {
        "revenue": 0,
        "netIncome": -415000,
        "period": "2021A",
        "fPeriodEndDate": 44377,
        "curCode": "AUD"
      },
      {
        "revenue": 108081000,
        "netIncome": 5267000,
        "period": "2020A",
        "fPeriodEndDate": 44012,
        "curCode": "AUD"
      },
      {
        "revenue": 95231000,
        "netIncome": 5103000,
        "period": "2019A",
        "fPeriodEndDate": 43646,
        "curCode": "AUD"
      }
    ]
  },
  {
    "symbol": "BXB",
    "displayName": "BRAMBLES LIMITED",
    "industry": "Commercial & Professional Services",
    "dateListed": "2006-11-27",
    "marketCap": 15495721793,
    "xid": "61323",
    "priceChangeFiveDayPercent": -3.6238136324417596,
    "isRecentListing": false,
    "priceAsk": 11.26,
    "priceBid": 11.13,
    "priceChange": 0.009999999999999787,
    "priceChangePercent": 0.08960573476702317,
    "priceLast": 11.17,
    "sector": "Industrials",
    "industryGroup": "Commercial & Professional Services",
    "securityType": 1,
    "volume": 2763925,
    "statusCode": "",
    "isin": "AU000000BXB1",
    "priceClose": 11.16,
    "priceDayHigh": 11.3,
    "priceDayLow": 11.125,
    "priceFiftyTwoWeekHigh": 13.13,
    "priceFiftyTwoWeekLow": 9.26,
    "volumeAverage": 4591436.236559,
    "dateExDate": "2022-09-07",
    "datePayDate": "2022-10-13",
    "dateRecordDate": "2022-09-08",
    "dividend": 0.1725,
    "dividendType": "F",
    "frankingPercent": 35,
    "cashFlow": -623.2687,
    "earningsPerShare": 0.64069,
    "freeCashFlowYield": 0.13030504410825744,
    "priceEarningsRatio": 17.37198,
    "priceToCash": 7.6743,
    "foreignExempt": false,
    "shareDescription": "Ordinary Fully Paid",
    "numOfShares": 1388505537,
    "yieldAnnual": 2.892569382273948,
    "incomeStatement": [
      {
        "revenue": 5558900000,
        "netIncome": 593300000,
        "period": "2022A",
        "fPeriodEndDate": 44742,
        "curCode": "USD"
      },
      {
        "revenue": 5209800000,
        "netIncome": 526100000,
        "period": "2021A",
        "fPeriodEndDate": 44377,
        "curCode": "USD"
      },
      {
        "revenue": 4717900000,
        "netIncome": 448000000,
        "period": "2020A",
        "fPeriodEndDate": 44012,
        "curCode": "USD"
      },
      {
        "revenue": 4595300000,
        "netIncome": 1467700000,
        "period": "2019A",
        "fPeriodEndDate": 43646,
        "curCode": "USD"
      }
    ]
  },
  {
    "symbol": "BSA",
    "displayName": "BSA LIMITED",
    "industry": "Commercial & Professional Services",
    "dateListed": "1999-11-15",
    "marketCap": 33179873,
    "xid": "66232",
    "priceChangeFiveDayPercent": 7.27272727272728,
    "isRecentListing": false,
    "priceAsk": 0.059000000000000004,
    "priceBid": 0.052000000000000005,
    "priceChange": 0.0010000000000000009,
    "priceChangePercent": 1.7241379310344842,
    "priceLast": 0.059000000000000004,
    "sector": "Industrials",
    "industryGroup": "Commercial & Professional Services",
    "securityType": 1,
    "volume": 139944,
    "statusCode": "",
    "isin": "AU000000BSA3",
    "priceClose": 0.058,
    "priceDayHigh": 0.059000000000000004,
    "priceDayLow": 0.054,
    "priceFiftyTwoWeekHigh": 0.27333,
    "priceFiftyTwoWeekLow": 0.049,
    "volumeAverage": 186561.168675,
    "dateExDate": "2021-10-04",
    "datePayDate": "2021-11-03",
    "dateRecordDate": "2021-10-05",
    "dividend": 0.005,
    "dividendType": "F",
    "frankingPercent": 100,
    "cashFlow": -17.729,
    "earningsPerShare": -0.08152,
    "freeCashFlowYield": -0.0000100000010000001,
    "priceEarningsRatio": -99999.99,
    "priceToCash": -99999.99,
    "foreignExempt": false,
    "shareDescription": "Ordinary Fully Paid",
    "numOfShares": 572066780,
    "yieldAnnual": 8.47457627118644,
    "incomeStatement": [
      {
        "revenue": 466229000,
        "netIncome": -42242000,
        "period": "2022A",
        "fPeriodEndDate": 44742,
        "curCode": "AUD"
      },
      {
        "revenue": 421692000,
        "netIncome": 9000,
        "period": "2021A",
        "fPeriodEndDate": 44377,
        "curCode": "AUD"
      },
      {
        "revenue": 486113000,
        "netIncome": -960000,
        "period": "2020A",
        "fPeriodEndDate": 44012,
        "curCode": "AUD"
      },
      {
        "revenue": 469495000,
        "netIncome": 172000,
        "period": "2019A",
        "fPeriodEndDate": 43646,
        "curCode": "AUD"
      }
    ]
  },
  {
    "symbol": "CDD",
    "displayName": "CARDNO LIMITED",
    "industry": "Commercial & Professional Services",
    "dateListed": "2004-05-20",
    "marketCap": 18749118,
    "xid": "72054",
    "priceChangeFiveDayPercent": -3.921568627450984,
    "isRecentListing": false,
    "priceAsk": 0.52,
    "priceBid": 0.46,
    "priceChange": 0.010000000000000009,
    "priceChangePercent": 2.0833333333333353,
    "priceLast": 0.49,
    "sector": "Industrials",
    "industryGroup": "Commercial & Professional Services",
    "securityType": 1,
    "volume": 8379,
    "statusCode": "RE|XD",
    "isin": "AU000000CDD7",
    "priceClose": 0.48,
    "priceDayHigh": 0.515,
    "priceDayLow": 0.46,
    "priceFiftyTwoWeekHigh": 16.5,
    "priceFiftyTwoWeekLow": 0.11,
    "volumeAverage": 132094.698925,
    "dateExDate": "2022-07-06",
    "datePayDate": "2022-12-30",
    "dateRecordDate": "2022-07-07",
    "dividend": 1.7,
    "dividendType": "I",
    "frankingPercent": 0,
    "cashFlow": -262.403,
    "earningsPerShare": -0.9376,
    "freeCashFlowYield": -0.0000100000010000001,
    "priceEarningsRatio": -99999.99,
    "priceToCash": -99999.99,
    "foreignExempt": false,
    "shareDescription": "Ordinary Fully Paid",
    "numOfShares": 39060663,
    "yieldAnnual": 81.63265306122449,
    "incomeStatement": [
      {
        "revenue": 10632000,
        "netIncome": 509354000,
        "period": "2022A",
        "fPeriodEndDate": 44742,
        "curCode": "AUD"
      },
      {
        "revenue": 6390000,
        "netIncome": 32658000,
        "period": "2021A",
        "fPeriodEndDate": 44377,
        "curCode": "AUD"
      },
      {
        "revenue": 978268000,
        "netIncome": 56586000,
        "period": "2020A",
        "fPeriodEndDate": 44012,
        "curCode": "AUD"
      },
      {
        "revenue": 936875000,
        "netIncome": -44490000,
        "period": "2019A",
        "fPeriodEndDate": 43646,
        "curCode": "AUD"
      }
    ]
  },
  {
    "symbol": "C79",
    "displayName": "CHRYSOS CORPORATION LIMITED",
    "industry": "Commercial & Professional Services",
    "dateListed": "2022-05-06",
    "marketCap": 328617335,
    "xid": "721300791",
    "priceChangeFiveDayPercent": -2.66272189349112,
    "isRecentListing": true,
    "priceAsk": 3.5300000000000002,
    "priceBid": 3.22,
    "priceChange": -0.06000000000000005,
    "priceChangePercent": -1.7910447761194046,
    "priceLast": 3.29,
    "sector": "Industrials",
    "industryGroup": "Commercial & Professional Services",
    "securityType": 1,
    "volume": 24795,
    "statusCode": "",
    "isin": "AU0000218190",
    "priceClose": 3.35,
    "priceDayHigh": 3.34,
    "priceDayLow": 3.21,
    "priceFiftyTwoWeekHigh": 5.55,
    "priceFiftyTwoWeekLow": 2.8,
    "volumeAverage": 89586.395604,
    "cashFlow": -25.669,
    "earningsPerShare": -0.04139,
    "freeCashFlowYield": -0.0000100000010000001,
    "priceEarningsRatio": -99999.99,
    "priceToCash": -99999.99,
    "foreignExempt": false,
    "shareDescription": "Ordinary Fully Paid",
    "numOfShares": 98094727,
    "yieldAnnual": 0,
    "incomeStatement": [
      {
        "revenue": 14092000,
        "netIncome": -3938000,
        "period": "2022A",
        "fPeriodEndDate": 44742,
        "curCode": "AUD"
      },
      {
        "revenue": 4388000,
        "netIncome": -3842000,
        "period": "2021A",
        "fPeriodEndDate": 44377,
        "curCode": "AUD"
      },
      {
        "revenue": 2835000,
        "netIncome": -2814000,
        "period": "2020A",
        "fPeriodEndDate": 44012,
        "curCode": "AUD"
      },
      {
        "revenue": 879000,
        "netIncome": 2694000,
        "period": "2019A",
        "fPeriodEndDate": 43646,
        "curCode": "AUD"
      }
    ]
  },
  {
    "symbol": "CNQ",
    "displayName": "CLEAN TEQ WATER LIMITED",
    "industry": "Commercial & Professional Services",
    "dateListed": "2021-07-02",
    "marketCap": 21216433,
    "xid": "660712750",
    "priceChangeFiveDayPercent": 5.555555555555561,
    "isRecentListing": false,
    "priceAsk": 0.47500000000000003,
    "priceBid": 0.5,
    "priceChange": 0,
    "priceChangePercent": 0,
    "priceLast": 0.47500000000000003,
    "sector": "Industrials",
    "industryGroup": "Commercial & Professional Services",
    "securityType": 1,
    "volume": 0,
    "statusCode": "",
    "isin": "AU0000153280",
    "priceClose": 0.47500000000000003,
    "priceFiftyTwoWeekHigh": 0.965,
    "priceFiftyTwoWeekLow": 0.345,
    "volumeAverage": 32447.611111,
    "cashFlow": -10.62585,
    "earningsPerShare": -0.2477,
    "freeCashFlowYield": -0.0000100000010000001,
    "priceEarningsRatio": -99999.99,
    "priceToCash": -99999.99,
    "foreignExempt": false,
    "shareDescription": "Ordinary Fully Paid",
    "numOfShares": 44666174,
    "yieldAnnual": 0,
    "incomeStatement": [
      {
        "revenue": 23934390,
        "netIncome": -22127740,
        "period": "2022A",
        "fPeriodEndDate": 44742,
        "curCode": "AUD"
      },
      {
        "revenue": 0,
        "netIncome": -32768,
        "period": "2021A",
        "fPeriodEndDate": 44377,
        "curCode": "AUD"
      }
    ]
  },
  {
    "symbol": "CWY",
    "displayName": "CLEANAWAY WASTE MANAGEMENT LIMITED",
    "industry": "Commercial & Professional Services",
    "dateListed": "2005-05-03",
    "marketCap": 5720820308,
    "xid": "1704543",
    "priceChangeFiveDayPercent": -3.690036900369007,
    "isRecentListing": false,
    "priceAsk": 2.63,
    "priceBid": 2.6,
    "priceChange": 0.040000000000000036,
    "priceChangePercent": 1.5564202334630366,
    "priceLast": 2.61,
    "sector": "Industrials",
    "industryGroup": "Commercial & Professional Services",
    "securityType": 1,
    "volume": 5255708,
    "statusCode": "",
    "isin": "AU000000CWY3",
    "priceClose": 2.57,
    "priceDayHigh": 2.62,
    "priceDayLow": 2.58,
    "priceFiftyTwoWeekHigh": 3.31,
    "priceFiftyTwoWeekLow": 2.51,
    "volumeAverage": 5855044.130435,
    "dateExDate": "2022-09-21",
    "datePayDate": "2022-10-07",
    "dateRecordDate": "2022-09-23",
    "dividend": 0.0245,
    "dividendType": "F",
    "frankingPercent": 0,
    "cashFlow": 109.3,
    "earningsPerShare": 0.03816,
    "freeCashFlowYield": 0.0705370834608879,
    "priceEarningsRatio": 67.61006,
    "priceToCash": 14.17694,
    "foreignExempt": false,
    "shareDescription": "Ordinary Fully Paid",
    "numOfShares": 2226000120,
    "yieldAnnual": 1.8773946360153255,
    "incomeStatement": [
      {
        "revenue": 3006200000,
        "netIncome": 78900000,
        "period": "2022A",
        "fPeriodEndDate": 44742,
        "curCode": "AUD"
      },
      {
        "revenue": 2406400000,
        "netIncome": 145300000,
        "period": "2021A",
        "fPeriodEndDate": 44377,
        "curCode": "AUD"
      },
      {
        "revenue": 2332100000,
        "netIncome": 112900000,
        "period": "2020A",
        "fPeriodEndDate": 44012,
        "curCode": "AUD"
      },
      {
        "revenue": 2283100000,
        "netIncome": 123100000,
        "period": "2019A",
        "fPeriodEndDate": 43646,
        "curCode": "AUD"
      }
    ]
  },
  {
    "symbol": "CLG",
    "displayName": "CLOSE THE LOOP LTD.",
    "industry": "Commercial & Professional Services",
    "dateListed": "2021-12-02",
    "marketCap": 139212363,
    "xid": "688947614",
    "priceChangeFiveDayPercent": 3.750000000000003,
    "isRecentListing": false,
    "priceAsk": 0.42,
    "priceBid": 0.41000000000000003,
    "priceChange": 0,
    "priceChangePercent": 0,
    "priceLast": 0.41500000000000004,
    "sector": "Industrials",
    "industryGroup": "Commercial & Professional Services",
    "securityType": 1,
    "volume": 37114,
    "statusCode": "",
    "isin": "AU0000186504",
    "priceClose": 0.41500000000000004,
    "priceDayHigh": 0.41500000000000004,
    "priceDayLow": 0.395,
    "priceFiftyTwoWeekHigh": 0.49,
    "priceFiftyTwoWeekLow": 0.22,
    "volumeAverage": 117692.527473,
    "cashFlow": -3.744,
    "earningsPerShare": 0.01356,
    "freeCashFlowYield": 0.06480028875008668,
    "priceEarningsRatio": 30.60472,
    "priceToCash": 15.43203,
    "foreignExempt": false,
    "shareDescription": "Ordinary Fully Paid",
    "numOfShares": 335451478,
    "yieldAnnual": 0,
    "incomeStatement": [
      {
        "revenue": 70132000,
        "netIncome": 4606000,
        "period": "2022A",
        "fPeriodEndDate": 44742,
        "curCode": "AUD"
      },
      {
        "revenue": 67401660,
        "netIncome": 5142110,
        "period": "2021A",
        "fPeriodEndDate": 44377,
        "curCode": "AUD"
      },
      {
        "revenue": 67416890,
        "netIncome": 265740,
        "period": "2020A",
        "fPeriodEndDate": 44012,
        "curCode": "AUD"
      },
      {
        "revenue": 66562830,
        "netIncome": -8050370,
        "period": "2019A",
        "fPeriodEndDate": 43646,
        "curCode": "AUD"
      }
    ]
  },
  {
    "symbol": "CUP",
    "displayName": "COUNTPLUS LIMITED",
    "industry": "Commercial & Professional Services",
    "dateListed": "2010-12-22",
    "marketCap": 74244663,
    "xid": "28155905",
    "priceChangeFiveDayPercent": 0,
    "isRecentListing": false,
    "priceAsk": 0.705,
    "priceBid": 0.635,
    "priceChange": -0.015000000000000013,
    "priceChangePercent": -2.3076923076923097,
    "priceLast": 0.635,
    "sector": "Industrials",
    "industryGroup": "Commercial & Professional Services",
    "securityType": 1,
    "volume": 542993,
    "statusCode": "",
    "isin": "AU000000CUP5",
    "priceClose": 0.65,
    "priceDayHigh": 0.66,
    "priceDayLow": 0.63,
    "priceFiftyTwoWeekHigh": 1.035,
    "priceFiftyTwoWeekLow": 0.56,
    "volumeAverage": 60638.455696,
    "dateExDate": "2022-09-21",
    "datePayDate": "2022-10-12",
    "dateRecordDate": "2022-09-23",
    "dividend": 0.02,
    "dividendType": "F",
    "frankingPercent": 100,
    "cashFlow": 2.309,
    "earningsPerShare": 0.0455,
    "freeCashFlowYield": 0.18603370558677823,
    "priceEarningsRatio": 14.28571,
    "priceToCash": 5.37537,
    "foreignExempt": false,
    "shareDescription": "Ordinary Fully Paid",
    "numOfShares": 114222559,
    "yieldAnnual": 5.511811023622047,
    "incomeStatement": [
      {
        "revenue": 85293000,
        "netIncome": 5112000,
        "period": "2022A",
        "fPeriodEndDate": 44742,
        "curCode": "AUD"
      },
      {
        "revenue": 80521000,
        "netIncome": 4938000,
        "period": "2021A",
        "fPeriodEndDate": 44377,
        "curCode": "AUD"
      },
      {
        "revenue": 82607000,
        "netIncome": 15861000,
        "period": "2020A",
        "fPeriodEndDate": 44012,
        "curCode": "AUD"
      },
      {
        "revenue": 68646000,
        "netIncome": 1635000,
        "period": "2019A",
        "fPeriodEndDate": 43646,
        "curCode": "AUD"
      }
    ]
  },
  {
    "symbol": "CI1",
    "displayName": "CREDIT INTELLIGENCE LTD",
    "industry": "Commercial & Professional Services",
    "dateListed": "2008-07-10",
    "marketCap": 10854891,
    "xid": "11790931",
    "priceChangeFiveDayPercent": 15.384615384615378,
    "isRecentListing": false,
    "priceAsk": 0.16,
    "priceBid": 0.14,
    "priceChange": 0.01999999999999999,
    "priceChangePercent": 15.384615384615378,
    "priceLast": 0.15,
    "sector": "Industrials",
    "industryGroup": "Commercial & Professional Services",
    "securityType": 1,
    "volume": 32045,
    "statusCode": "RE",
    "isin": "AU0000013518",
    "priceClose": 0.13,
    "priceDayHigh": 0.15,
    "priceDayLow": 0.13,
    "priceFiftyTwoWeekHigh": 0.33,
    "priceFiftyTwoWeekLow": 0.093,
    "volumeAverage": 103319.443182,
    "dateExDate": "2020-09-03",
    "datePayDate": "2020-11-20",
    "dateRecordDate": "2020-09-04",
    "dividend": 0.0005,
    "dividendType": "F",
    "frankingPercent": 0,
    "cashFlow": 1.88303,
    "earningsPerShare": -0.01158,
    "freeCashFlowYield": 0.0720783058714988,
    "priceEarningsRatio": -99999.99,
    "priceToCash": 13.8738,
    "foreignExempt": false,
    "shareDescription": "Ordinary Fully Paid",
    "numOfShares": 83499160,
    "yieldAnnual": 0,
    "incomeStatement": [
      {
        "revenue": 15714170,
        "netIncome": -842420,
        "period": "2022A",
        "fPeriodEndDate": 44742,
        "curCode": "AUD"
      },
      {
        "revenue": 12698740,
        "netIncome": 736060,
        "period": "2021A",
        "fPeriodEndDate": 44377,
        "curCode": "AUD"
      },
      {
        "revenue": 13611920,
        "netIncome": 2541280,
        "period": "2020A",
        "fPeriodEndDate": 44012,
        "curCode": "AUD"
      },
      {
        "revenue": 6053080,
        "netIncome": 524660,
        "period": "2019A",
        "fPeriodEndDate": 43646,
        "curCode": "AUD"
      }
    ]
  },
  {
    "symbol": "DOW",
    "displayName": "DOWNER EDI LIMITED",
    "industry": "Commercial & Professional Services",
    "dateListed": "1990-12-20",
    "marketCap": 2937231528,
    "xid": "91904",
    "priceChangeFiveDayPercent": -6.223175965665237,
    "isRecentListing": false,
    "priceAsk": 4.47,
    "priceBid": 4.36,
    "priceChange": 0,
    "priceChangePercent": 0,
    "priceLast": 4.37,
    "sector": "Industrials",
    "industryGroup": "Commercial & Professional Services",
    "securityType": 1,
    "volume": 2088526,
    "statusCode": "",
    "isin": "AU000000DOW2",
    "priceClose": 4.37,
    "priceDayHigh": 4.42,
    "priceDayLow": 4.36,
    "priceFiftyTwoWeekHigh": 6.52,
    "priceFiftyTwoWeekLow": 4.32,
    "volumeAverage": 2169258.16129,
    "dateExDate": "2022-08-30",
    "datePayDate": "2022-09-28",
    "dateRecordDate": "2022-08-31",
    "dividend": 0.12,
    "dividendType": "F",
    "frankingPercent": 0,
    "cashFlow": 44.2,
    "earningsPerShare": 0.21132,
    "freeCashFlowYield": 0.1654350030688193,
    "priceEarningsRatio": 20.67954,
    "priceToCash": 6.04467,
    "foreignExempt": false,
    "shareDescription": "Ordinary Fully Paid",
    "numOfShares": 672135361,
    "yieldAnnual": 5.491990846681922,
    "incomeStatement": [
      {
        "revenue": 10989000000,
        "netIncome": 151600000,
        "period": "2022A",
        "fPeriodEndDate": 44742,
        "curCode": "AUD"
      },
      {
        "revenue": 11530200000,
        "netIncome": 181600000,
        "period": "2021A",
        "fPeriodEndDate": 44377,
        "curCode": "AUD"
      },
      {
        "revenue": 12669400000,
        "netIncome": -150300000,
        "period": "2020A",
        "fPeriodEndDate": 44012,
        "curCode": "AUD"
      },
      {
        "revenue": 12789400000,
        "netIncome": 261800000,
        "period": "2019A",
        "fPeriodEndDate": 43646,
        "curCode": "AUD"
      }
    ]
  },
  {
    "symbol": "ECG",
    "displayName": "ECARGO HOLDINGS LIMITED",
    "industry": "Commercial & Professional Services",
    "dateListed": "2014-11-28",
    "marketCap": 9228750,
    "xid": "81059550",
    "priceChangeFiveDayPercent": 7.142857142857137,
    "isRecentListing": false,
    "priceAsk": 0.03,
    "priceBid": 0.015,
    "priceChange": 0,
    "priceChangePercent": 0,
    "priceLast": 0.015,
    "sector": "Industrials",
    "industryGroup": "Commercial & Professional Services",
    "securityType": 1,
    "volume": 0,
    "statusCode": "",
    "isin": "AU000000ECG8",
    "priceClose": 0.015,
    "priceFiftyTwoWeekHigh": 0.04,
    "priceFiftyTwoWeekLow": 0.01,
    "volumeAverage": 55252.363636,
    "cashFlow": -1.11621,
    "earningsPerShare": 0.00273,
    "freeCashFlowYield": 0.26665528937432004,
    "priceEarningsRatio": 5.48881,
    "priceToCash": 3.75016,
    "foreignExempt": false,
    "shareDescription": "Chess Depositary Interest 1:1",
    "numOfShares": 615250000,
    "yieldAnnual": 0,
    "incomeStatement": [
      {
        "revenue": 156598240,
        "netIncome": 896700,
        "period": "2021A",
        "fPeriodEndDate": 44561,
        "curCode": "HKD"
      },
      {
        "revenue": 218453160,
        "netIncome": -39542090,
        "period": "2020A",
        "fPeriodEndDate": 44196,
        "curCode": "HKD"
      },
      {
        "revenue": 177406620,
        "netIncome": -74565850,
        "period": "2019A",
        "fPeriodEndDate": 43830,
        "curCode": "HKD"
      },
      {
        "revenue": 134458650,
        "netIncome": -134401790,
        "period": "2018A",
        "fPeriodEndDate": 43465,
        "curCode": "HKD"
      }
    ]
  },
  {
    "symbol": "EAX",
    "displayName": "ENERGY ACTION LIMITED",
    "industry": "Commercial & Professional Services",
    "dateListed": "2011-10-13",
    "marketCap": 2348008,
    "xid": "38438812",
    "priceChangeFiveDayPercent": 1.5951480238867192e-14,
    "isRecentListing": false,
    "priceBid": 0.065,
    "priceChange": 0,
    "priceChangePercent": 0,
    "priceLast": 0.08700000000000001,
    "sector": "Industrials",
    "industryGroup": "Commercial & Professional Services",
    "securityType": 1,
    "volume": 0,
    "statusCode": "",
    "isin": "AU000000EAX7",
    "priceClose": 0.08700000000000001,
    "priceFiftyTwoWeekHigh": 0.305,
    "priceFiftyTwoWeekLow": 0.087,
    "volumeAverage": 11296.444444,
    "dateExDate": "2018-08-24",
    "datePayDate": "2018-09-27",
    "dateRecordDate": "2018-08-27",
    "dividend": 0.04,
    "dividendType": "F",
    "frankingPercent": 100,
    "cashFlow": -0.54489,
    "earningsPerShare": -0.1053,
    "freeCashFlowYield": -0.0000100000010000001,
    "priceEarningsRatio": -99999.99,
    "priceToCash": -99999.99,
    "foreignExempt": false,
    "shareDescription": "Ordinary Fully Paid",
    "numOfShares": 26988600,
    "yieldAnnual": 0,
    "incomeStatement": [
      {
        "revenue": 10378030,
        "netIncome": -2841940,
        "period": "2022A",
        "fPeriodEndDate": 44742,
        "curCode": "AUD"
      },
      {
        "revenue": 14359110,
        "netIncome": -1000260,
        "period": "2021A",
        "fPeriodEndDate": 44377,
        "curCode": "AUD"
      },
      {
        "revenue": 19781730,
        "netIncome": -2486760,
        "period": "2020A",
        "fPeriodEndDate": 44012,
        "curCode": "AUD"
      },
      {
        "revenue": 24631210,
        "netIncome": -12092890,
        "period": "2019A",
        "fPeriodEndDate": 43646,
        "curCode": "AUD"
      }
    ]
  },
  {
    "symbol": "ECT",
    "displayName": "ENVIRONMENTAL CLEAN TECHNOLOGIES LIMITED.",
    "industry": "Commercial & Professional Services",
    "dateListed": "1986-02-05",
    "marketCap": 27460027,
    "xid": "101874",
    "priceChangeFiveDayPercent": -12.5,
    "isRecentListing": false,
    "priceAsk": 0.015,
    "priceBid": 0.014,
    "priceChange": -0.002,
    "priceChangePercent": -12.5,
    "priceLast": 0.014,
    "sector": "Industrials",
    "industryGroup": "Commercial & Professional Services",
    "securityType": 1,
    "volume": 3484374,
    "statusCode": "",
    "isin": "AU0000018137",
    "priceClose": 0.016,
    "priceDayHigh": 0.016,
    "priceDayLow": 0.014,
    "priceFiftyTwoWeekHigh": 0.097,
    "priceFiftyTwoWeekLow": 0.013,
    "volumeAverage": 4742584.172043,
    "cashFlow": -5.57624,
    "earningsPerShare": -0.00412,
    "freeCashFlowYield": -0.0000100000010000001,
    "priceEarningsRatio": -99999.99,
    "priceToCash": -99999.99,
    "foreignExempt": false,
    "shareDescription": "Ordinary Fully Paid",
    "numOfShares": 1716251678,
    "yieldAnnual": 0,
    "incomeStatement": [
      {
        "revenue": 269670,
        "netIncome": -5178830,
        "period": "2022A",
        "fPeriodEndDate": 44742,
        "curCode": "AUD"
      },
      {
        "revenue": 4490,
        "netIncome": -1869730,
        "period": "2021A",
        "fPeriodEndDate": 44377,
        "curCode": "AUD"
      },
      {
        "revenue": 92380,
        "netIncome": -2067970,
        "period": "2020A",
        "fPeriodEndDate": 44012,
        "curCode": "AUD"
      },
      {
        "revenue": 236550,
        "netIncome": -8903020,
        "period": "2019A",
        "fPeriodEndDate": 43646,
        "curCode": "AUD"
      }
    ]
  },
  {
    "symbol": "FLN",
    "displayName": "FREELANCER LIMITED",
    "industry": "Commercial & Professional Services",
    "dateListed": "2013-11-15",
    "marketCap": 108679593,
    "xid": "69292724",
    "priceChangeFiveDayPercent": -4.0000000000000036,
    "isRecentListing": false,
    "priceAsk": 0.24,
    "priceBid": 0.23,
    "priceChange": 0,
    "priceChangePercent": 0,
    "priceLast": 0.24,
    "sector": "Industrials",
    "industryGroup": "Commercial & Professional Services",
    "securityType": 1,
    "volume": 38984,
    "statusCode": "",
    "isin": "AU000000FLN2",
    "priceClose": 0.24,
    "priceDayHigh": 0.25,
    "priceDayLow": 0.23,
    "priceFiftyTwoWeekHigh": 0.835,
    "priceFiftyTwoWeekLow": 0.23,
    "volumeAverage": 125120.046512,
    "cashFlow": 2.023,
    "earningsPerShare": -0.00826,
    "freeCashFlowYield": 0.00960354639761371,
    "priceEarningsRatio": -99999.99,
    "priceToCash": 104.1282,
    "foreignExempt": false,
    "shareDescription": "Ordinary Fully Paid",
    "numOfShares": 452831636,
    "yieldAnnual": 0,
    "incomeStatement": [
      {
        "revenue": 57419000,
        "netIncome": -2257000,
        "period": "2021A",
        "fPeriodEndDate": 44561,
        "curCode": "AUD"
      },
      {
        "revenue": 58771000,
        "netIncome": -646000,
        "period": "2020A",
        "fPeriodEndDate": 44196,
        "curCode": "AUD"
      },
      {
        "revenue": 58009000,
        "netIncome": -1591000,
        "period": "2019A",
        "fPeriodEndDate": 43830,
        "curCode": "AUD"
      },
      {
        "revenue": 51851000,
        "netIncome": -1484000,
        "period": "2018A",
        "fPeriodEndDate": 43465,
        "curCode": "AUD"
      }
    ]
  },
  {
    "symbol": "FFT",
    "displayName": "FUTURE FIRST TECHNOLOGIES LTD",
    "industry": "Commercial & Professional Services",
    "dateListed": "2013-12-02",
    "marketCap": 20391744,
    "xid": "69781285",
    "priceChangeFiveDayPercent": -12.5,
    "isRecentListing": false,
    "priceAsk": 0.029,
    "priceBid": 0.028,
    "priceChange": -0.0019999999999999983,
    "priceChangePercent": -6.666666666666662,
    "priceLast": 0.028,
    "sector": "Industrials",
    "industryGroup": "Commercial & Professional Services",
    "securityType": 1,
    "volume": 62396,
    "statusCode": "",
    "isin": "AU0000113235",
    "priceClose": 0.03,
    "priceDayHigh": 0.028,
    "priceDayLow": 0.028,
    "priceFiftyTwoWeekHigh": 0.047,
    "priceFiftyTwoWeekLow": 0.023,
    "volumeAverage": 156871.949153,
    "dateExDate": "2016-03-30",
    "datePayDate": "2016-04-13",
    "dateRecordDate": "2016-03-31",
    "dividend": 0.025,
    "dividendType": "I",
    "frankingPercent": 100,
    "cashFlow": -4.09788,
    "earningsPerShare": -0.02416,
    "freeCashFlowYield": -0.0000100000010000001,
    "priceEarningsRatio": -99999.99,
    "priceToCash": -99999.99,
    "foreignExempt": false,
    "shareDescription": "Ordinary Fully Paid",
    "numOfShares": 679724800,
    "yieldAnnual": 0,
    "incomeStatement": [
      {
        "revenue": 2991490,
        "netIncome": -14367590,
        "period": "2022A",
        "fPeriodEndDate": 44742,
        "curCode": "AUD"
      },
      {
        "revenue": 1470630,
        "netIncome": -13006290,
        "period": "2021A",
        "fPeriodEndDate": 44377,
        "curCode": "AUD"
      },
      {
        "revenue": 51129290,
        "netIncome": 3036120,
        "period": "2020A",
        "fPeriodEndDate": 44012,
        "curCode": "AUD"
      },
      {
        "revenue": 53602210,
        "netIncome": -53489310,
        "period": "2019A",
        "fPeriodEndDate": 43646,
        "curCode": "AUD"
      }
    ]
  },
  {
    "symbol": "HMI",
    "displayName": "HIREMII LIMITED",
    "industry": "Commercial & Professional Services",
    "dateListed": "2021-05-11",
    "marketCap": 5388959,
    "xid": "652556680",
    "priceChangeFiveDayPercent": 9.999999999999995,
    "isRecentListing": false,
    "priceAsk": 0.055,
    "priceBid": 0.046,
    "priceChange": 0.008,
    "priceChangePercent": 17.02127659574468,
    "priceLast": 0.055,
    "sector": "Industrials",
    "industryGroup": "Commercial & Professional Services",
    "securityType": 1,
    "volume": 25000,
    "statusCode": "",
    "isin": "AU0000143471",
    "priceClose": 0.047,
    "priceDayHigh": 0.055,
    "priceDayLow": 0.055,
    "priceFiftyTwoWeekHigh": 0.098,
    "priceFiftyTwoWeekLow": 0.037,
    "volumeAverage": 272850.196721,
    "cashFlow": -2.81679,
    "earningsPerShare": -0.0379,
    "freeCashFlowYield": -0.0000100000010000001,
    "priceEarningsRatio": -99999.99,
    "priceToCash": -99999.99,
    "foreignExempt": false,
    "shareDescription": "Ordinary Fully Paid",
    "numOfShares": 114658695,
    "yieldAnnual": 0,
    "incomeStatement": [
      {
        "revenue": 11442240,
        "netIncome": -2794520,
        "period": "2022A",
        "fPeriodEndDate": 44742,
        "curCode": "AUD"
      },
      {
        "revenue": 6937030,
        "netIncome": -3810110,
        "period": "2021A",
        "fPeriodEndDate": 44377,
        "curCode": "AUD"
      },
      {
        "revenue": 6186270,
        "netIncome": -1912040,
        "period": "2020A",
        "fPeriodEndDate": 44012,
        "curCode": "AUD"
      },
      {
        "revenue": 858710,
        "netIncome": -925150,
        "period": "2019A",
        "fPeriodEndDate": 43646,
        "curCode": "AUD"
      }
    ]
  },
  {
    "symbol": "HIT",
    "displayName": "HITECH GROUP AUSTRALIA LIMITED",
    "industry": "Commercial & Professional Services",
    "dateListed": "2000-04-17",
    "marketCap": 84100000,
    "xid": "146707",
    "priceChangeFiveDayPercent": 9.774436090225556,
    "isRecentListing": false,
    "priceAsk": 2.4,
    "priceBid": 2.09,
    "priceChange": 0.18999999999999995,
    "priceChangePercent": 9.499999999999996,
    "priceLast": 2.19,
    "sector": "Industrials",
    "industryGroup": "Commercial & Professional Services",
    "securityType": 1,
    "volume": 5466,
    "statusCode": "",
    "isin": "AU000000HIT1",
    "priceClose": 2,
    "priceDayHigh": 2.19,
    "priceDayLow": 2.09,
    "priceFiftyTwoWeekHigh": 2.25,
    "priceFiftyTwoWeekLow": 1.74,
    "volumeAverage": 8130.157895,
    "dateExDate": "2022-09-01",
    "datePayDate": "2022-09-16",
    "dateRecordDate": "2022-09-02",
    "dividend": 0.06,
    "dividendType": "F",
    "frankingPercent": 100,
    "cashFlow": 3.4642,
    "earningsPerShare": 0.10696,
    "freeCashFlowYield": 0.05396266754733741,
    "priceEarningsRatio": 18.69858,
    "priceToCash": 18.53133,
    "foreignExempt": false,
    "shareDescription": "Ordinary Fully Paid",
    "numOfShares": 42050000,
    "yieldAnnual": 5.0228310502283104,
    "incomeStatement": [
      {
        "revenue": 63096130,
        "netIncome": 4403630,
        "period": "2022A",
        "fPeriodEndDate": 44742,
        "curCode": "AUD"
      },
      {
        "revenue": 42168500,
        "netIncome": 3636600,
        "period": "2021A",
        "fPeriodEndDate": 44377,
        "curCode": "AUD"
      },
      {
        "revenue": 33380910,
        "netIncome": 3336120,
        "period": "2020A",
        "fPeriodEndDate": 44012,
        "curCode": "AUD"
      },
      {
        "revenue": 30284660,
        "netIncome": 2898320,
        "period": "2019A",
        "fPeriodEndDate": 43646,
        "curCode": "AUD"
      }
    ]
  },
  {
    "symbol": "IGN",
    "displayName": "IGNITE LIMITED",
    "industry": "Commercial & Professional Services",
    "dateListed": "1997-01-16",
    "marketCap": 6897827,
    "xid": "78310",
    "priceChangeFiveDayPercent": 0,
    "isRecentListing": false,
    "priceAsk": 0.077,
    "priceBid": 0.061,
    "priceChange": 0,
    "priceChangePercent": 0,
    "priceLast": 0.077,
    "sector": "Industrials",
    "industryGroup": "Commercial & Professional Services",
    "securityType": 1,
    "volume": 0,
    "upcomingEventName": "Annual General Meeting",
    "statusCode": "",
    "isin": "AU0000033763",
    "priceClose": 0.077,
    "priceFiftyTwoWeekHigh": 0.26,
    "priceFiftyTwoWeekLow": 0.067,
    "volumeAverage": 115414.222222,
    "dateExDate": "2012-03-05",
    "datePayDate": "2012-03-26",
    "dateRecordDate": "2012-03-09",
    "dividend": 0.01,
    "dividendType": "I",
    "frankingPercent": 100,
    "cashFlow": -0.837,
    "earningsPerShare": -0.00317,
    "freeCashFlowYield": 0.016381969872902125,
    "priceEarningsRatio": -99999.99,
    "priceToCash": 61.04272,
    "foreignExempt": false,
    "shareDescription": "Ordinary Fully Paid",
    "numOfShares": 89582175,
    "yieldAnnual": 0,
    "incomeStatement": [
      {
        "revenue": 115522000,
        "netIncome": -285000,
        "period": "2022A",
        "fPeriodEndDate": 44742,
        "curCode": "AUD"
      },
      {
        "revenue": 113878000,
        "netIncome": 2415000,
        "period": "2021A",
        "fPeriodEndDate": 44377,
        "curCode": "AUD"
      },
      {
        "revenue": 125958000,
        "netIncome": -6272000,
        "period": "2020A",
        "fPeriodEndDate": 44012,
        "curCode": "AUD"
      },
      {
        "revenue": 145924000,
        "netIncome": -5812000,
        "period": "2019A",
        "fPeriodEndDate": 43646,
        "curCode": "AUD"
      }
    ]
  },
  {
    "symbol": "IMB",
    "displayName": "INTELLIGENT MONITORING GROUP LIMITED",
    "industry": "Commercial & Professional Services",
    "dateListed": "1994-03-03",
    "marketCap": 15684035,
    "xid": "219040",
    "priceChangeFiveDayPercent": 86.6666666666667,
    "isRecentListing": false,
    "priceAsk": 0.15,
    "priceBid": 0.13,
    "priceChange": 0.020000000000000018,
    "priceChangePercent": 16.666666666666682,
    "priceLast": 0.14,
    "sector": "Industrials",
    "industryGroup": "Commercial & Professional Services",
    "securityType": 1,
    "volume": 131808,
    "statusCode": "RE",
    "isin": "AU0000199713",
    "priceClose": 0.12,
    "priceDayHigh": 0.145,
    "priceDayLow": 0.12,
    "priceFiftyTwoWeekHigh": 0.45835,
    "priceFiftyTwoWeekLow": 0.055,
    "volumeAverage": 93032,
    "cashFlow": -8.514,
    "earningsPerShare": -0.06866,
    "freeCashFlowYield": 0.15047142698073063,
    "priceEarningsRatio": -99999.99,
    "priceToCash": 6.64578,
    "foreignExempt": false,
    "shareDescription": "Ordinary Fully Paid",
    "numOfShares": 130700295,
    "yieldAnnual": 0,
    "incomeStatement": [
      {
        "revenue": 23088000,
        "netIncome": -4177000,
        "period": "2022A",
        "fPeriodEndDate": 44742,
        "curCode": "AUD"
      },
      {
        "revenue": 25467000,
        "netIncome": -15658000,
        "period": "2021A",
        "fPeriodEndDate": 44377,
        "curCode": "AUD"
      },
      {
        "revenue": 27635000,
        "netIncome": -32380000,
        "period": "2020A",
        "fPeriodEndDate": 44012,
        "curCode": "AUD"
      },
      {
        "revenue": 19749000,
        "netIncome": -10621000,
        "period": "2019A",
        "fPeriodEndDate": 43646,
        "curCode": "AUD"
      }
    ]
  },
  {
    "symbol": "IVT",
    "displayName": "INVENTIS LIMITED",
    "industry": "Commercial & Professional Services",
    "dateListed": "1999-04-14",
    "marketCap": 5021057,
    "xid": "138528",
    "priceChangeFiveDayPercent": -4.761904761904765,
    "isRecentListing": false,
    "priceAsk": 0.11,
    "priceBid": 0.08,
    "priceChange": 0,
    "priceChangePercent": 0,
    "priceLast": 0.08,
    "securityType": 1,
    "volume": 0,
    "statusCode": "",
    "isin": "AU000000IVT2",
    "priceClose": 0.08,
    "priceFiftyTwoWeekHigh": 0.14,
    "priceFiftyTwoWeekLow": 0.073,
    "volumeAverage": 26493.4,
    "cashFlow": -0.13495,
    "earningsPerShare": 0.00328,
    "freeCashFlowYield": 0.1901093699205153,
    "priceEarningsRatio": 24.39024,
    "priceToCash": 5.26013,
    "foreignExempt": false,
    "shareDescription": "Ordinary Fully Paid",
    "numOfShares": 62763217,
    "yieldAnnual": 0,
    "incomeStatement": [
      {
        "revenue": 11547240,
        "netIncome": 276200,
        "period": "2022A",
        "fPeriodEndDate": 44742,
        "curCode": "AUD"
      },
      {
        "revenue": 10559340,
        "netIncome": 76790,
        "period": "2021A",
        "fPeriodEndDate": 44377,
        "curCode": "AUD"
      },
      {
        "revenue": 8015770,
        "netIncome": -292800,
        "period": "2020A",
        "fPeriodEndDate": 44012,
        "curCode": "AUD"
      },
      {
        "revenue": 11798020,
        "netIncome": -1669750,
        "period": "2019A",
        "fPeriodEndDate": 43646,
        "curCode": "AUD"
      }
    ]
  },
  {
    "symbol": "IPH",
    "displayName": "IPH LIMITED",
    "industry": "Commercial & Professional Services",
    "dateListed": "2014-11-19",
    "marketCap": 2161759867,
    "xid": "80536724",
    "priceChangeFiveDayPercent": -2.3232323232323275,
    "isRecentListing": false,
    "priceAsk": 9.75,
    "priceBid": 9.58,
    "priceChange": 0.08000000000000007,
    "priceChangePercent": 0.8342022940563094,
    "priceLast": 9.67,
    "sector": "Industrials",
    "industryGroup": "Commercial & Professional Services",
    "securityType": 1,
    "volume": 646733,
    "statusCode": "",
    "isin": "AU000000IPH9",
    "priceClose": 9.59,
    "priceDayHigh": 9.89,
    "priceDayLow": 9.57,
    "priceFiftyTwoWeekHigh": 10.42,
    "priceFiftyTwoWeekLow": 6.86,
    "volumeAverage": 625703.010753,
    "dateExDate": "2022-08-23",
    "datePayDate": "2022-09-16",
    "dateRecordDate": "2022-08-24",
    "dividend": 0.16,
    "dividendType": "F",
    "frankingPercent": 50,
    "cashFlow": 30.018,
    "earningsPerShare": 0.23986,
    "freeCashFlowYield": 0.04247166396759242,
    "priceEarningsRatio": 40.06504,
    "priceToCash": 23.54511,
    "foreignExempt": false,
    "shareDescription": "Ordinary Fully Paid",
    "numOfShares": 225418130,
    "yieldAnnual": 3.154084798345398,
    "incomeStatement": [
      {
        "revenue": 374376000,
        "netIncome": 52564000,
        "period": "2022A",
        "fPeriodEndDate": 44742,
        "curCode": "AUD"
      },
      {
        "revenue": 359744000,
        "netIncome": 53600000,
        "period": "2021A",
        "fPeriodEndDate": 44377,
        "curCode": "AUD"
      },
      {
        "revenue": 365749000,
        "netIncome": 54752000,
        "period": "2020A",
        "fPeriodEndDate": 44012,
        "curCode": "AUD"
      },
      {
        "revenue": 252636000,
        "netIncome": 53111000,
        "period": "2019A",
        "fPeriodEndDate": 43646,
        "curCode": "AUD"
      }
    ]
  },
  {
    "symbol": "KPG",
    "displayName": "KELLY PARTNERS GROUP HOLDINGS LIMITED",
    "industry": "Commercial & Professional Services",
    "dateListed": "2017-06-21",
    "marketCap": 221400000,
    "xid": "412343324",
    "priceChangeFiveDayPercent": -2.2044088176352767,
    "isRecentListing": false,
    "priceAsk": 4.88,
    "priceBid": 4.84,
    "priceChange": -0.040000000000000036,
    "priceChangePercent": -0.8130081300813016,
    "priceLast": 4.88,
    "sector": "Industrials",
    "industryGroup": "Commercial & Professional Services",
    "securityType": 1,
    "volume": 10519,
    "statusCode": "XD",
    "isin": "AU000000KPG7",
    "priceClose": 4.92,
    "priceDayHigh": 4.98,
    "priceDayLow": 4.88,
    "priceFiftyTwoWeekHigh": 5.51,
    "priceFiftyTwoWeekLow": 3.46,
    "volumeAverage": 19110.053763,
    "dateExDate": "2022-10-20",
    "datePayDate": "2022-10-31",
    "dateRecordDate": "2022-10-21",
    "dividend": 0.004,
    "dividendType": "I",
    "frankingPercent": 100,
    "cashFlow": 7.05092,
    "earningsPerShare": 0.12363,
    "freeCashFlowYield": 0.08843398447276102,
    "priceEarningsRatio": 39.95794,
    "priceToCash": 11.30787,
    "foreignExempt": false,
    "shareDescription": "Ordinary Fully Paid",
    "numOfShares": 45000000,
    "yieldAnnual": 0.901639344262295,
    "incomeStatement": [
      {
        "revenue": 64862110,
        "netIncome": 5562970,
        "period": "2022A",
        "fPeriodEndDate": 44742,
        "curCode": "AUD"
      },
      {
        "revenue": 48906450,
        "netIncome": 4622340,
        "period": "2021A",
        "fPeriodEndDate": 44377,
        "curCode": "AUD"
      },
      {
        "revenue": 45495580,
        "netIncome": 4014510,
        "period": "2020A",
        "fPeriodEndDate": 44012,
        "curCode": "AUD"
      },
      {
        "revenue": 39975030,
        "netIncome": 2435700,
        "period": "2019A",
        "fPeriodEndDate": 43646,
        "curCode": "AUD"
      }
    ]
  },
  {
    "symbol": "KSS",
    "displayName": "KLEOS SPACE S.A",
    "industry": "Commercial & Professional Services",
    "dateListed": "2018-08-24",
    "marketCap": 54450392,
    "xid": "486443786",
    "priceChangeFiveDayPercent": -8.474576271186429,
    "isRecentListing": false,
    "priceAsk": 0.3,
    "priceBid": 0.255,
    "priceChange": -0.034999999999999976,
    "priceChangePercent": -11.475409836065566,
    "priceLast": 0.27,
    "sector": "Industrials",
    "industryGroup": "Commercial & Professional Services",
    "securityType": 1,
    "volume": 1119404,
    "statusCode": "",
    "isin": "AU0000015588",
    "priceClose": 0.305,
    "priceDayHigh": 0.3,
    "priceDayLow": 0.25,
    "priceFiftyTwoWeekHigh": 0.8,
    "priceFiftyTwoWeekLow": 0.25,
    "volumeAverage": 97048.717391,
    "cashFlow": -14.03019,
    "earningsPerShare": -0.04931,
    "freeCashFlowYield": -0.0000100000010000001,
    "priceEarningsRatio": -99999.99,
    "priceToCash": -99999.99,
    "foreignExempt": false,
    "shareDescription": "Chess Depositary Interests 1:1",
    "numOfShares": 178525876,
    "yieldAnnual": 0,
    "incomeStatement": [
      {
        "revenue": 125530,
        "netIncome": -6367810,
        "period": "2021A",
        "fPeriodEndDate": 44561,
        "curCode": "EUR"
      },
      {
        "revenue": 176220,
        "netIncome": -4868240,
        "period": "2020A",
        "fPeriodEndDate": 44196,
        "curCode": "EUR"
      },
      {
        "revenue": 600880,
        "netIncome": -3503300,
        "period": "2019A",
        "fPeriodEndDate": 43830,
        "curCode": "EUR"
      },
      {
        "revenue": 827850,
        "netIncome": -2201900,
        "period": "2018A",
        "fPeriodEndDate": 43465,
        "curCode": "EUR"
      }
    ]
  },
  {
    "symbol": "M8S",
    "displayName": "M8 SUSTAINABLE LIMITED",
    "industry": "Commercial & Professional Services",
    "dateListed": "2019-12-11",
    "marketCap": 4937744,
    "xid": "566140722",
    "priceChangeFiveDayPercent": 0,
    "isRecentListing": false,
    "priceAsk": 0.008,
    "priceBid": 0.007,
    "priceChange": -0.0010000000000000009,
    "priceChangePercent": -11.11111111111112,
    "priceLast": 0.008,
    "sector": "Industrials",
    "industryGroup": "Commercial & Professional Services",
    "securityType": 1,
    "volume": 719529,
    "statusCode": "",
    "isin": "AU0000064552",
    "priceClose": 0.009000000000000001,
    "priceDayHigh": 0.009000000000000001,
    "priceDayLow": 0.008,
    "priceFiftyTwoWeekHigh": 0.025,
    "priceFiftyTwoWeekLow": 0.006,
    "volumeAverage": 455181.121622,
    "cashFlow": -6.18265,
    "earningsPerShare": -0.02575,
    "freeCashFlowYield": -0.0000100000010000001,
    "priceEarningsRatio": -99999.99,
    "priceToCash": -99999.99,
    "foreignExempt": false,
    "shareDescription": "Ordinary Fully Paid",
    "numOfShares": 548638192,
    "yieldAnnual": 0,
    "incomeStatement": [
      {
        "revenue": 9232580,
        "netIncome": -11371650,
        "period": "2022A",
        "fPeriodEndDate": 44742,
        "curCode": "AUD"
      },
      {
        "revenue": 8070040,
        "netIncome": -10464940,
        "period": "2021A",
        "fPeriodEndDate": 44377,
        "curCode": "AUD"
      },
      {
        "revenue": 1982580,
        "netIncome": -13794140,
        "period": "2020A",
        "fPeriodEndDate": 44012,
        "curCode": "AUD"
      },
      {
        "revenue": 683470,
        "netIncome": -7230320,
        "period": "2019A",
        "fPeriodEndDate": 43646,
        "curCode": "AUD"
      }
    ]
  },
  {
    "symbol": "MAD",
    "displayName": "MADER GROUP LIMITED",
    "industry": "Commercial & Professional Services",
    "dateListed": "2019-10-01",
    "marketCap": 684000000,
    "xid": "554837084",
    "priceChangeFiveDayPercent": 0.3289473684210602,
    "isRecentListing": false,
    "priceAsk": 3.33,
    "priceBid": 3.0100000000000002,
    "priceChange": -0.36999999999999966,
    "priceChangePercent": -10.818713450292387,
    "priceLast": 3.0500000000000003,
    "sector": "Industrials",
    "industryGroup": "Commercial & Professional Services",
    "securityType": 1,
    "volume": 287209,
    "statusCode": "",
    "isin": "AU0000056269",
    "priceClose": 3.42,
    "priceDayHigh": 3.5300000000000002,
    "priceDayLow": 3.0500000000000003,
    "priceFiftyTwoWeekHigh": 3.5300000000000002,
    "priceFiftyTwoWeekLow": 1.61,
    "volumeAverage": 59967.569892,
    "dateExDate": "2022-09-05",
    "datePayDate": "2022-09-27",
    "dateRecordDate": "2022-09-06",
    "dividend": 0.02,
    "dividendType": "F",
    "frankingPercent": 100,
    "cashFlow": -11.073,
    "earningsPerShare": 0.13973,
    "freeCashFlowYield": -0.0000100000010000001,
    "priceEarningsRatio": 22.97288,
    "priceToCash": -99999.99,
    "foreignExempt": false,
    "shareDescription": "Ordinary Fully Paid",
    "numOfShares": 200000000,
    "yieldAnnual": 0,
    "incomeStatement": [
      {
        "revenue": 402084000,
        "netIncome": 27945000,
        "period": "2022A",
        "fPeriodEndDate": 44742,
        "curCode": "AUD"
      },
      {
        "revenue": 304300000,
        "netIncome": 19342000,
        "period": "2021A",
        "fPeriodEndDate": 44377,
        "curCode": "AUD"
      },
      {
        "revenue": 273547000,
        "netIncome": 17504000,
        "period": "2020A",
        "fPeriodEndDate": 44012,
        "curCode": "AUD"
      },
      {
        "revenue": 228645000,
        "netIncome": 14900000,
        "period": "2019A",
        "fPeriodEndDate": 43646,
        "curCode": "AUD"
      }
    ]
  },
  {
    "symbol": "MMS",
    "displayName": "MCMILLAN SHAKESPEARE LIMITED",
    "industry": "Commercial & Professional Services",
    "dateListed": "2004-03-15",
    "marketCap": 1048514000,
    "xid": "202861",
    "priceChangeFiveDayPercent": 1.5441176470588298,
    "isRecentListing": false,
    "priceAsk": 13.97,
    "priceBid": 13.8,
    "priceChange": 0.2599999999999998,
    "priceChangePercent": 1.9188191881918804,
    "priceLast": 13.81,
    "sector": "Industrials",
    "industryGroup": "Commercial & Professional Services",
    "securityType": 1,
    "volume": 556470,
    "upcomingEventName": "Annual General Meeting",
    "statusCode": "CD",
    "isin": "AU000000MMS5",
    "priceClose": 13.55,
    "priceDayHigh": 13.870000000000001,
    "priceDayLow": 13.51,
    "priceFiftyTwoWeekHigh": 14.96,
    "priceFiftyTwoWeekLow": 8.89,
    "volumeAverage": 225891.580645,
    "dateExDate": "2022-10-26",
    "datePayDate": "2022-11-10",
    "dateRecordDate": "2022-10-27",
    "dividend": 0.74,
    "dividendType": "F",
    "frankingPercent": 100,
    "cashFlow": 60.316,
    "earningsPerShare": 0.90635,
    "freeCashFlowYield": 0.13677140164700122,
    "priceEarningsRatio": 14.53081,
    "priceToCash": 7.31147,
    "foreignExempt": false,
    "shareDescription": "Ordinary Fully Paid",
    "numOfShares": 77381107,
    "yieldAnnual": 7.8204199855177405,
    "incomeStatement": [
      {
        "revenue": 594138000,
        "netIncome": 70349000,
        "period": "2022A",
        "fPeriodEndDate": 44742,
        "curCode": "AUD"
      },
      {
        "revenue": 544451000,
        "netIncome": 61065000,
        "period": "2021A",
        "fPeriodEndDate": 44377,
        "curCode": "AUD"
      },
      {
        "revenue": 493962000,
        "netIncome": 1269000,
        "period": "2020A",
        "fPeriodEndDate": 44012,
        "curCode": "AUD"
      },
      {
        "revenue": 549675000,
        "netIncome": 63672000,
        "period": "2019A",
        "fPeriodEndDate": 43646,
        "curCode": "AUD"
      }
    ]
  },
  {
    "symbol": "MSG",
    "displayName": "MCS SERVICES LIMITED",
    "industry": "Commercial & Professional Services",
    "dateListed": "2012-01-17",
    "marketCap": 7734400,
    "xid": "39768453",
    "priceChangeFiveDayPercent": 0,
    "isRecentListing": false,
    "priceAsk": 0.043000000000000003,
    "priceBid": 0.039,
    "priceChange": 0,
    "priceChangePercent": 0,
    "priceLast": 0.039,
    "sector": "Industrials",
    "industryGroup": "Commercial & Professional Services",
    "securityType": 1,
    "volume": 0,
    "statusCode": "",
    "isin": "AU000000MSG7",
    "priceClose": 0.039,
    "priceFiftyTwoWeekHigh": 0.075,
    "priceFiftyTwoWeekLow": 0.035,
    "volumeAverage": 115751.240741,
    "dateExDate": "2017-12-04",
    "datePayDate": "2017-12-08",
    "dateRecordDate": "2017-12-05",
    "dividend": 0.001,
    "dividendType": "F",
    "frankingPercent": 0,
    "cashFlow": -0.411,
    "earningsPerShare": 0.00548,
    "freeCashFlowYield": 0.1577013451924745,
    "priceEarningsRatio": 7.29927,
    "priceToCash": 6.3411,
    "foreignExempt": false,
    "shareDescription": "Ordinary Fully Paid",
    "numOfShares": 198317939,
    "yieldAnnual": 0,
    "incomeStatement": [
      {
        "revenue": 43796000,
        "netIncome": 1066000,
        "period": "2022A",
        "fPeriodEndDate": 44742,
        "curCode": "AUD"
      },
      {
        "revenue": 38083000,
        "netIncome": 1555000,
        "period": "2021A",
        "fPeriodEndDate": 44377,
        "curCode": "AUD"
      },
      {
        "revenue": 25111000,
        "netIncome": 316000,
        "period": "2020A",
        "fPeriodEndDate": 44012,
        "curCode": "AUD"
      },
      {
        "revenue": 23563000,
        "netIncome": -201000,
        "period": "2019A",
        "fPeriodEndDate": 43646,
        "curCode": "AUD"
      }
    ]
  },
  {
    "symbol": "MIL",
    "displayName": "MILLENNIUM SERVICES GROUP LIMITED",
    "industry": "Commercial & Professional Services",
    "dateListed": "2015-11-19",
    "marketCap": 23214130,
    "xid": "316645438",
    "priceChangeFiveDayPercent": 9.890109890109885,
    "isRecentListing": false,
    "priceAsk": 0.5,
    "priceBid": 0.44,
    "priceChange": 0,
    "priceChangePercent": 0,
    "priceLast": 0.5,
    "sector": "Industrials",
    "industryGroup": "Commercial & Professional Services",
    "securityType": 1,
    "volume": 0,
    "statusCode": "",
    "isin": "AU000000MIL8",
    "priceClose": 0.5,
    "priceFiftyTwoWeekHigh": 0.65,
    "priceFiftyTwoWeekLow": 0.27,
    "volumeAverage": 32031.192982,
    "dateExDate": "2017-09-14",
    "datePayDate": "2017-10-05",
    "dateRecordDate": "2017-09-15",
    "dividend": 0.054,
    "dividendType": "F",
    "frankingPercent": 100,
    "cashFlow": 2.187,
    "earningsPerShare": 0.04751,
    "freeCashFlowYield": 0.3091687071801341,
    "priceEarningsRatio": 10.10314,
    "priceToCash": 3.23448,
    "foreignExempt": false,
    "shareDescription": "Ordinary Fully Paid",
    "numOfShares": 46428259,
    "yieldAnnual": 0,
    "incomeStatement": [
      {
        "revenue": 260592000,
        "netIncome": 2221000,
        "period": "2022A",
        "fPeriodEndDate": 44742,
        "curCode": "AUD"
      },
      {
        "revenue": 273683000,
        "netIncome": 17357000,
        "period": "2021A",
        "fPeriodEndDate": 44377,
        "curCode": "AUD"
      },
      {
        "revenue": 257316000,
        "netIncome": 16586000,
        "period": "2020A",
        "fPeriodEndDate": 44012,
        "curCode": "AUD"
      },
      {
        "revenue": 294747000,
        "netIncome": -45550000,
        "period": "2019A",
        "fPeriodEndDate": 43646,
        "curCode": "AUD"
      }
    ]
  },
  {
    "symbol": "MRI",
    "displayName": "MY REWARDS INTERNATIONAL LIMITED",
    "industry": "Commercial & Professional Services",
    "dateListed": "2022-02-11",
    "marketCap": 10674184,
    "xid": "689643348",
    "priceChangeFiveDayPercent": 2.040816326530614,
    "isRecentListing": false,
    "priceAsk": 0.05,
    "priceBid": 0.044,
    "priceChange": 0,
    "priceChangePercent": 0,
    "priceLast": 0.05,
    "sector": "Industrials",
    "industryGroup": "Commercial & Professional Services",
    "securityType": 1,
    "volume": 0,
    "statusCode": "XE",
    "isin": "AU0000187940",
    "priceClose": 0.05,
    "priceFiftyTwoWeekHigh": 0.145,
    "priceFiftyTwoWeekLow": 0.041,
    "volumeAverage": 529461.368421,
    "cashFlow": -4.30382,
    "earningsPerShare": -0.03165,
    "freeCashFlowYield": -0.0000100000010000001,
    "priceEarningsRatio": -99999.99,
    "priceToCash": -99999.99,
    "foreignExempt": false,
    "shareDescription": "Ordinary Fully Paid",
    "numOfShares": 213483682,
    "yieldAnnual": 0,
    "incomeStatement": [
      {
        "revenue": 15936170,
        "netIncome": -6143260,
        "period": "2022A",
        "fPeriodEndDate": 44742,
        "curCode": "AUD"
      },
      {
        "revenue": 14684770,
        "netIncome": -3342450,
        "period": "2021A",
        "fPeriodEndDate": 44377,
        "curCode": "AUD"
      },
      {
        "revenue": 15739870,
        "netIncome": -1218670,
        "period": "2020A",
        "fPeriodEndDate": 44012,
        "curCode": "AUD"
      },
      {
        "revenue": 8002890,
        "netIncome": -671660,
        "period": "2019A",
        "fPeriodEndDate": 43646,
        "curCode": "AUD"
      }
    ]
  },
  {
    "symbol": "NAM",
    "displayName": "NAMOI COTTON LIMITED",
    "industry": "Commercial & Professional Services",
    "dateListed": "1998-04-06",
    "marketCap": 83496566,
    "xid": "209152",
    "priceChangeFiveDayPercent": 0,
    "isRecentListing": false,
    "priceAsk": 0.485,
    "priceBid": 0.465,
    "priceChange": 0,
    "priceChangePercent": 0,
    "priceLast": 0.48,
    "sector": "Industrials",
    "industryGroup": "Commercial & Professional Services",
    "securityType": 1,
    "volume": 75534,
    "statusCode": "XR",
    "isin": "AU000000NAM1",
    "priceClose": 0.48,
    "priceDayHigh": 0.48,
    "priceDayLow": 0.48,
    "priceFiftyTwoWeekHigh": 0.57678,
    "priceFiftyTwoWeekLow": 0.36171,
    "volumeAverage": 128966.495225,
    "dateExDate": "2018-07-02",
    "datePayDate": "2018-07-24",
    "dateRecordDate": "2018-07-03",
    "dividend": 0.019,
    "dividendType": "F",
    "frankingPercent": 19.47,
    "cashFlow": -8.368,
    "earningsPerShare": -0.02226,
    "freeCashFlowYield": 0.007315727790547787,
    "priceEarningsRatio": -99999.99,
    "priceToCash": 136.6918,
    "foreignExempt": false,
    "shareDescription": "Ordinary Fully Paid",
    "numOfShares": 173951180,
    "yieldAnnual": 0,
    "incomeStatement": [
      {
        "revenue": 46820000,
        "netIncome": -4400000,
        "period": "2022A",
        "fPeriodEndDate": 44620,
        "curCode": "AUD"
      },
      {
        "revenue": 16075000,
        "netIncome": -14418000,
        "period": "2021A",
        "fPeriodEndDate": 44255,
        "curCode": "AUD"
      },
      {
        "revenue": 42883000,
        "netIncome": -10990000,
        "period": "2020A",
        "fPeriodEndDate": 43890,
        "curCode": "AUD"
      },
      {
        "revenue": 89482000,
        "netIncome": -556000,
        "period": "2019A",
        "fPeriodEndDate": 43524,
        "curCode": "AUD"
      }
    ]
  },
  {
    "symbol": "NAMN",
    "displayName": "NAMOI COTTON LIMITED",
    "industry": "Commercial & Professional Services",
    "dateListed": "1998-04-06",
    "marketCap": 83496566,
    "xid": "758179164",
    "priceChangeFiveDayPercent": 0,
    "isRecentListing": false,
    "priceChange": 0,
    "priceChangePercent": 0,
    "priceLast": 0,
    "sector": "Industrials",
    "industryGroup": "Commercial & Professional Services",
    "securityType": 1,
    "volume": 0,
    "statusCode": "",
    "isin": "AU0000241564",
    "priceClose": 0,
    "priceFiftyTwoWeekHigh": 0,
    "priceFiftyTwoWeekLow": 0,
    "cashFlow": -8.368,
    "earningsPerShare": -0.02226,
    "freeCashFlowYield": 0.007315727790547787,
    "priceEarningsRatio": -99999.99,
    "priceToCash": 136.6918,
    "foreignExempt": false,
    "shareDescription": "Ordinary Fully Paid Deferred",
    "numOfShares": 173951180,
    "yieldAnnual": -32768,
    "incomeStatement": [
      {
        "revenue": 46820000,
        "netIncome": -4400000,
        "period": "2022A",
        "fPeriodEndDate": 44620,
        "curCode": "AUD"
      },
      {
        "revenue": 16075000,
        "netIncome": -14418000,
        "period": "2021A",
        "fPeriodEndDate": 44255,
        "curCode": "AUD"
      },
      {
        "revenue": 42883000,
        "netIncome": -10990000,
        "period": "2020A",
        "fPeriodEndDate": 43890,
        "curCode": "AUD"
      },
      {
        "revenue": 89482000,
        "netIncome": -556000,
        "period": "2019A",
        "fPeriodEndDate": 43524,
        "curCode": "AUD"
      }
    ]
  },
  {
    "symbol": "OLY",
    "displayName": "OLYMPIO METALS LIMITED",
    "industry": "Commercial & Professional Services",
    "dateListed": "2017-09-12",
    "marketCap": 7782925,
    "xid": "421653227",
    "priceChangeFiveDayPercent": -18.918918918918923,
    "isRecentListing": false,
    "priceAsk": 0.17,
    "priceBid": 0.15,
    "priceChange": 0.0050000000000000044,
    "priceChangePercent": 3.448275862068969,
    "priceLast": 0.15,
    "sector": "Materials",
    "industryGroup": "Materials",
    "securityType": 1,
    "volume": 27782,
    "statusCode": "RE",
    "isin": "AU0000221632",
    "priceClose": 0.145,
    "priceDayHigh": 0.15,
    "priceDayLow": 0.15,
    "priceFiftyTwoWeekHigh": 0.23,
    "priceFiftyTwoWeekLow": 0.1,
    "volumeAverage": 95767.746835,
    "cashFlow": -0.23557,
    "earningsPerShare": -0.25754,
    "freeCashFlowYield": -0.0000100000010000001,
    "priceEarningsRatio": -99999.99,
    "priceToCash": -99999.99,
    "foreignExempt": false,
    "shareDescription": "Ordinary Fully Paid",
    "numOfShares": 53675343,
    "yieldAnnual": 0,
    "incomeStatement": [
      {
        "revenue": 13650,
        "netIncome": -1027130,
        "period": "2022A",
        "fPeriodEndDate": 44651,
        "curCode": "AUD"
      },
      {
        "revenue": 2090,
        "netIncome": 1876490,
        "period": "2021A",
        "fPeriodEndDate": 44286,
        "curCode": "AUD"
      },
      {
        "revenue": 2076800,
        "netIncome": -17043290,
        "period": "2020A",
        "fPeriodEndDate": 43921,
        "curCode": "AUD"
      },
      {
        "revenue": 2190540,
        "netIncome": -4746740,
        "period": "2019A",
        "fPeriodEndDate": 43555,
        "curCode": "AUD"
      }
    ]
  },
  {
    "symbol": "OPN",
    "displayName": "OPENN NEGOTIATION LIMITED",
    "industry": "Commercial & Professional Services",
    "dateListed": "2021-07-21",
    "marketCap": 29088726,
    "xid": "660547863",
    "priceChangeFiveDayPercent": -15.384615384615387,
    "isRecentListing": false,
    "priceAsk": 0.125,
    "priceBid": 0.11,
    "priceChange": -0.020000000000000004,
    "priceChangePercent": -15.384615384615387,
    "priceLast": 0.11,
    "sector": "Industrials",
    "industryGroup": "Commercial & Professional Services",
    "securityType": 1,
    "volume": 54066,
    "statusCode": "",
    "isin": "AU0000153082",
    "priceClose": 0.13,
    "priceDayHigh": 0.12,
    "priceDayLow": 0.11,
    "priceFiftyTwoWeekHigh": 0.305,
    "priceFiftyTwoWeekLow": 0.1,
    "volumeAverage": 117565.4,
    "cashFlow": -6.08251,
    "earningsPerShare": -0.04201,
    "freeCashFlowYield": -0.0000100000010000001,
    "priceEarningsRatio": -99999.99,
    "priceToCash": -99999.99,
    "foreignExempt": false,
    "shareDescription": "Ordinary Fully Paid",
    "numOfShares": 223759427,
    "yieldAnnual": 0,
    "incomeStatement": [
      {
        "revenue": 1178730,
        "netIncome": -8031230,
        "period": "2022A",
        "fPeriodEndDate": 44742,
        "curCode": "AUD"
      },
      {
        "revenue": 1046680,
        "netIncome": -2074900,
        "period": "2021A",
        "fPeriodEndDate": 44377,
        "curCode": "AUD"
      },
      {
        "revenue": 851400,
        "netIncome": -1206610,
        "period": "2020A",
        "fPeriodEndDate": 44012,
        "curCode": "AUD"
      },
      {
        "revenue": 417140,
        "netIncome": -1482820,
        "period": "2019A",
        "fPeriodEndDate": 43646,
        "curCode": "AUD"
      }
    ]
  },
  {
    "symbol": "PKD",
    "displayName": "PARKD LTD",
    "industry": "Commercial & Professional Services",
    "dateListed": "2017-12-06",
    "marketCap": 2004003,
    "xid": "434716221",
    "priceChangeFiveDayPercent": -8.695652173913038,
    "isRecentListing": false,
    "priceAsk": 0.024,
    "priceBid": 0.02,
    "priceChange": 0.0010000000000000009,
    "priceChangePercent": 5.000000000000004,
    "priceLast": 0.021,
    "sector": "Industrials",
    "industryGroup": "Commercial & Professional Services",
    "securityType": 1,
    "volume": 2030,
    "statusCode": "",
    "isin": "AU000000PKD4",
    "priceClose": 0.02,
    "priceDayHigh": 0.021,
    "priceDayLow": 0.021,
    "priceFiftyTwoWeekHigh": 0.079,
    "priceFiftyTwoWeekLow": 0.019,
    "volumeAverage": 548251.425,
    "cashFlow": -0.73568,
    "earningsPerShare": -0.01284,
    "freeCashFlowYield": -0.0000100000010000001,
    "priceEarningsRatio": -99999.99,
    "priceToCash": -99999.99,
    "foreignExempt": false,
    "shareDescription": "Ordinary Fully Paid",
    "numOfShares": 100200133,
    "yieldAnnual": 0,
    "incomeStatement": [
      {
        "revenue": 2102530,
        "netIncome": -1281270,
        "period": "2022A",
        "fPeriodEndDate": 44742,
        "curCode": "AUD"
      },
      {
        "revenue": 122460,
        "netIncome": -627940,
        "period": "2021A",
        "fPeriodEndDate": 44377,
        "curCode": "AUD"
      },
      {
        "revenue": 270740,
        "netIncome": -1303900,
        "period": "2020A",
        "fPeriodEndDate": 44012,
        "curCode": "AUD"
      },
      {
        "revenue": 1050930,
        "netIncome": -1572510,
        "period": "2019A",
        "fPeriodEndDate": 43646,
        "curCode": "AUD"
      }
    ]
  },
  {
    "symbol": "PG1",
    "displayName": "PEARL GLOBAL LIMITED",
    "industry": "Commercial & Professional Services",
    "dateListed": "2006-11-02",
    "marketCap": 24219608,
    "xid": "49957043",
    "priceChangeFiveDayPercent": 9.999999999999993,
    "isRecentListing": false,
    "priceAsk": 0.023,
    "priceBid": 0.019,
    "priceChange": -0.0010000000000000009,
    "priceChangePercent": -4.347826086956526,
    "priceLast": 0.022,
    "sector": "Industrials",
    "industryGroup": "Commercial & Professional Services",
    "securityType": 1,
    "volume": 143000,
    "upcomingEventName": "Annual General Meeting",
    "statusCode": "",
    "isin": "AU000000PG13",
    "priceClose": 0.023,
    "priceDayHigh": 0.022,
    "priceDayLow": 0.02,
    "priceFiftyTwoWeekHigh": 0.03606,
    "priceFiftyTwoWeekLow": 0.009,
    "volumeAverage": 1085670.705882,
    "cashFlow": -13.63,
    "earningsPerShare": -0.01495,
    "freeCashFlowYield": -0.0000100000010000001,
    "priceEarningsRatio": -99999.99,
    "priceToCash": -99999.99,
    "foreignExempt": false,
    "shareDescription": "Ordinary Fully Paid",
    "numOfShares": 1053026429,
    "yieldAnnual": 0,
    "incomeStatement": [
      {
        "revenue": 2865000,
        "netIncome": -8487000,
        "period": "2022A",
        "fPeriodEndDate": 44742,
        "curCode": "AUD"
      },
      {
        "revenue": 2160640,
        "netIncome": -7745270,
        "period": "2021A",
        "fPeriodEndDate": 44377,
        "curCode": "AUD"
      },
      {
        "revenue": 1923530,
        "netIncome": -9284970,
        "period": "2020A",
        "fPeriodEndDate": 44012,
        "curCode": "AUD"
      },
      {
        "revenue": 173230,
        "netIncome": -4710050,
        "period": "2019A",
        "fPeriodEndDate": 43646,
        "curCode": "AUD"
      }
    ]
  },
  {
    "symbol": "PPE",
    "displayName": "PEOPLEIN LIMITED",
    "industry": "Commercial & Professional Services",
    "dateListed": "2017-11-22",
    "marketCap": 310546803,
    "xid": "437474597",
    "priceChangeFiveDayPercent": 2.0338983050847474,
    "isRecentListing": false,
    "priceAsk": 3.2,
    "priceBid": 3.0100000000000002,
    "priceChange": -0.06999999999999984,
    "priceChangePercent": -2.2727272727272676,
    "priceLast": 3.0100000000000002,
    "sector": "Industrials",
    "industryGroup": "Commercial & Professional Services",
    "securityType": 1,
    "volume": 228406,
    "statusCode": "",
    "isin": "AU000000PPE1",
    "priceClose": 3.08,
    "priceDayHigh": 3.15,
    "priceDayLow": 3.0100000000000002,
    "priceFiftyTwoWeekHigh": 4.55,
    "priceFiftyTwoWeekLow": 2.49,
    "volumeAverage": 188041.870968,
    "dateExDate": "2022-09-01",
    "datePayDate": "2022-09-30",
    "dateRecordDate": "2022-09-02",
    "dividend": 0.065,
    "dividendType": "F",
    "frankingPercent": 100,
    "cashFlow": 6.96429,
    "earningsPerShare": 0.18104,
    "freeCashFlowYield": 0.09655258978183943,
    "priceEarningsRatio": 16.73663,
    "priceToCash": 10.35705,
    "foreignExempt": false,
    "shareDescription": "Ordinary Fully Paid",
    "numOfShares": 100826884,
    "yieldAnnual": 0,
    "incomeStatement": [
      {
        "revenue": 682321010,
        "netIncome": 17671400,
        "period": "2022A",
        "fPeriodEndDate": 44742,
        "curCode": "AUD"
      },
      {
        "revenue": 444280510,
        "netIncome": 17663560,
        "period": "2021A",
        "fPeriodEndDate": 44377,
        "curCode": "AUD"
      },
      {
        "revenue": 371163900,
        "netIncome": 16396200,
        "period": "2020A",
        "fPeriodEndDate": 44012,
        "curCode": "AUD"
      },
      {
        "revenue": 278155920,
        "netIncome": 9667940,
        "period": "2019A",
        "fPeriodEndDate": 43646,
        "curCode": "AUD"
      }
    ]
  },
  {
    "symbol": "PET",
    "displayName": "PHOSLOCK ENVIRONMENTAL TECHNOLOGIES LIMITED",
    "industry": "Commercial & Professional Services",
    "dateListed": "2002-08-16",
    "marketCap": 28097573,
    "xid": "165919",
    "priceChangeFiveDayPercent": -6.3829787234042605,
    "isRecentListing": false,
    "priceAsk": 0.045,
    "priceBid": 0.044,
    "priceChange": -0.0010000000000000009,
    "priceChangePercent": -2.222222222222224,
    "priceLast": 0.044,
    "sector": "Industrials",
    "industryGroup": "Commercial & Professional Services",
    "securityType": 1,
    "volume": 1190434,
    "statusCode": "",
    "isin": "AU0000021974",
    "priceClose": 0.045,
    "priceDayHigh": 0.047,
    "priceDayLow": 0.044,
    "priceFiftyTwoWeekHigh": 0.115,
    "priceFiftyTwoWeekLow": 0.044,
    "volumeAverage": 4531617.444444,
    "cashFlow": -7.926,
    "earningsPerShare": -0.01552,
    "freeCashFlowYield": -0.0000100000010000001,
    "priceEarningsRatio": -99999.99,
    "priceToCash": -99999.99,
    "foreignExempt": false,
    "shareDescription": "Ordinary Fully Paid",
    "numOfShares": 624390509,
    "yieldAnnual": 0,
    "incomeStatement": [
      {
        "revenue": 6389000,
        "netIncome": -3937000,
        "period": "2021A",
        "fPeriodEndDate": 44561,
        "curCode": "AUD"
      },
      {
        "revenue": 6984000,
        "netIncome": -25492000,
        "period": "2020A",
        "fPeriodEndDate": 44196,
        "curCode": "AUD"
      },
      {
        "revenue": 19853000,
        "netIncome": -1083000,
        "period": "2019A",
        "fPeriodEndDate": 43830,
        "curCode": "AUD"
      },
      {
        "revenue": 9301890,
        "netIncome": -668840,
        "period": "2018A",
        "fPeriodEndDate": 43465,
        "curCode": "AUD"
      }
    ]
  },
  {
    "symbol": "QIP",
    "displayName": "QANTM INTELLECTUAL PROPERTY LIMITED",
    "industry": "Commercial & Professional Services",
    "dateListed": "2016-08-31",
    "marketCap": 134089060,
    "xid": "361676148",
    "priceChangeFiveDayPercent": -1.5151515151515165,
    "isRecentListing": false,
    "priceAsk": 0.99,
    "priceBid": 0.97,
    "priceChange": 0,
    "priceChangePercent": 0,
    "priceLast": 0.975,
    "sector": "Industrials",
    "industryGroup": "Commercial & Professional Services",
    "securityType": 1,
    "volume": 27478,
    "statusCode": "",
    "isin": "AU000000QIP0",
    "priceClose": 0.975,
    "priceDayHigh": 0.98,
    "priceDayLow": 0.975,
    "priceFiftyTwoWeekHigh": 1.415,
    "priceFiftyTwoWeekLow": 0.905,
    "volumeAverage": 83603.045977,
    "dateExDate": "2022-09-05",
    "datePayDate": "2022-10-06",
    "dateRecordDate": "2022-09-06",
    "dividend": 0.035,
    "dividendType": "F",
    "frankingPercent": 100,
    "cashFlow": 6.342,
    "earningsPerShare": 0.05291,
    "freeCashFlowYield": 0.11443140180755844,
    "priceEarningsRatio": 18.42752,
    "priceToCash": 8.73886,
    "foreignExempt": false,
    "shareDescription": "Ordinary Fully Paid",
    "numOfShares": 137527241,
    "yieldAnnual": 0,
    "incomeStatement": [
      {
        "revenue": 127278000,
        "netIncome": 7284000,
        "period": "2022A",
        "fPeriodEndDate": 44742,
        "curCode": "AUD"
      },
      {
        "revenue": 119079000,
        "netIncome": 10473000,
        "period": "2021A",
        "fPeriodEndDate": 44377,
        "curCode": "AUD"
      },
      {
        "revenue": 116568000,
        "netIncome": 9563000,
        "period": "2020A",
        "fPeriodEndDate": 44012,
        "curCode": "AUD"
      },
      {
        "revenue": 112170000,
        "netIncome": 11206000,
        "period": "2019A",
        "fPeriodEndDate": 43646,
        "curCode": "AUD"
      }
    ]
  },
  {
    "symbol": "RTH",
    "displayName": "RAS TECHNOLOGY HOLDINGS LIMITED",
    "industry": "Commercial & Professional Services",
    "dateListed": "2021-11-23",
    "marketCap": 29093494,
    "xid": "688955585",
    "priceChangeFiveDayPercent": -3.3333333333333366,
    "isRecentListing": false,
    "priceAsk": 0.65,
    "priceBid": 0.5700000000000001,
    "priceChange": -0.06000000000000005,
    "priceChangePercent": -9.375000000000009,
    "priceLast": 0.58,
    "sector": "Industrials",
    "industryGroup": "Commercial & Professional Services",
    "securityType": 1,
    "volume": 14052,
    "statusCode": "",
    "isin": "AU0000186496",
    "priceClose": 0.64,
    "priceDayHigh": 0.635,
    "priceDayLow": 0.58,
    "priceFiftyTwoWeekHigh": 1.84,
    "priceFiftyTwoWeekLow": 0.4,
    "volumeAverage": 20702.166667,
    "cashFlow": -99999.99,
    "earningsPerShare": -99999.99,
    "freeCashFlowYield": -0.0000100000010000001,
    "priceEarningsRatio": -99999.99,
    "priceToCash": -99999.99,
    "foreignExempt": false,
    "shareDescription": "Ordinary Fully Paid",
    "numOfShares": 45458585,
    "yieldAnnual": 0,
    "incomeStatement": [
      {
        "revenue": 8991000,
        "netIncome": -2986000,
        "period": "2022A",
        "fPeriodEndDate": 44742,
        "curCode": "AUD"
      },
      {
        "revenue": 5934320,
        "netIncome": 1580590,
        "period": "2021A",
        "fPeriodEndDate": 44377,
        "curCode": "AUD"
      },
      {
        "revenue": 4220950,
        "netIncome": 408380,
        "period": "2020A",
        "fPeriodEndDate": 44012,
        "curCode": "AUD"
      },
      {
        "revenue": 3984790,
        "netIncome": 429200,
        "period": "2019A",
        "fPeriodEndDate": 43646,
        "curCode": "AUD"
      }
    ]
  },
  {
    "symbol": "SGF",
    "displayName": "SG FLEET GROUP LIMITED",
    "industry": "Commercial & Professional Services",
    "dateListed": "2014-03-04",
    "marketCap": 620702630,
    "xid": "72700592",
    "priceChangeFiveDayPercent": -8.291457286432163,
    "isRecentListing": false,
    "priceAsk": 1.8800000000000001,
    "priceBid": 1.825,
    "priceChange": 0.010000000000000009,
    "priceChangePercent": 0.5509641873278242,
    "priceLast": 1.825,
    "sector": "Industrials",
    "industryGroup": "Commercial & Professional Services",
    "securityType": 1,
    "volume": 120760,
    "statusCode": "",
    "isin": "AU000000SGF1",
    "priceClose": 1.815,
    "priceDayHigh": 1.875,
    "priceDayLow": 1.815,
    "priceFiftyTwoWeekHigh": 2.96,
    "priceFiftyTwoWeekLow": 1.805,
    "volumeAverage": 84194.311828,
    "dateExDate": "2022-08-24",
    "datePayDate": "2022-09-08",
    "dateRecordDate": "2022-08-25",
    "dividend": 0.0681,
    "dividendType": "F",
    "frankingPercent": 100,
    "cashFlow": -306.23,
    "earningsPerShare": 0.17996,
    "freeCashFlowYield": 0.40959769314579225,
    "priceEarningsRatio": 10.44677,
    "priceToCash": 2.44142,
    "foreignExempt": false,
    "shareDescription": "Ordinary Fully Paid",
    "numOfShares": 341984920,
    "yieldAnnual": 8.284931506849315,
    "incomeStatement": [
      {
        "revenue": 886771000,
        "netIncome": 60732000,
        "period": "2022A",
        "fPeriodEndDate": 44742,
        "curCode": "AUD"
      },
      {
        "revenue": 482080000,
        "netIncome": 43705000,
        "period": "2021A",
        "fPeriodEndDate": 44377,
        "curCode": "AUD"
      },
      {
        "revenue": 452896000,
        "netIncome": 36381000,
        "period": "2020A",
        "fPeriodEndDate": 44012,
        "curCode": "AUD"
      },
      {
        "revenue": 509722000,
        "netIncome": 60462000,
        "period": "2019A",
        "fPeriodEndDate": 43646,
        "curCode": "AUD"
      }
    ]
  },
  {
    "symbol": "SIQ",
    "displayName": "SMARTGROUP CORPORATION LTD",
    "industry": "Commercial & Professional Services",
    "dateListed": "2014-07-02",
    "marketCap": 623157442,
    "xid": "76252476",
    "priceChangeFiveDayPercent": 0.6396588486140589,
    "isRecentListing": false,
    "priceAsk": 4.74,
    "priceBid": 4.65,
    "priceChange": 0.05999999999999961,
    "priceChangePercent": 1.2875536480686611,
    "priceLast": 4.72,
    "sector": "Industrials",
    "industryGroup": "Commercial & Professional Services",
    "securityType": 1,
    "volume": 626582,
    "statusCode": "",
    "isin": "AU000000SIQ4",
    "priceClose": 4.66,
    "priceDayHigh": 4.73,
    "priceDayLow": 4.63,
    "priceFiftyTwoWeekHigh": 9.15,
    "priceFiftyTwoWeekLow": 4.59,
    "volumeAverage": 596868.924731,
    "dateExDate": "2022-09-08",
    "datePayDate": "2022-09-23",
    "dateRecordDate": "2022-09-09",
    "dividend": 0.17,
    "dividendType": "I",
    "frankingPercent": 100,
    "cashFlow": -40.001,
    "earningsPerShare": 0.48701,
    "freeCashFlowYield": 0.11570659122596919,
    "priceEarningsRatio": 9.52753,
    "priceToCash": 8.64255,
    "foreignExempt": false,
    "shareDescription": "Ordinary Fully Paid",
    "numOfShares": 133724773,
    "yieldAnnual": 13.983050847457628,
    "incomeStatement": [
      {
        "revenue": 221798000,
        "netIncome": 58813000,
        "period": "2021A",
        "fPeriodEndDate": 44561,
        "curCode": "AUD"
      },
      {
        "revenue": 216332000,
        "netIncome": 41325000,
        "period": "2020A",
        "fPeriodEndDate": 44196,
        "curCode": "AUD"
      },
      {
        "revenue": 249835000,
        "netIncome": 61449000,
        "period": "2019A",
        "fPeriodEndDate": 43830,
        "curCode": "AUD"
      },
      {
        "revenue": 241815000,
        "netIncome": 59286000,
        "period": "2018A",
        "fPeriodEndDate": 43465,
        "curCode": "AUD"
      }
    ]
  },
  {
    "symbol": "SC1",
    "displayName": "SOURCE CERTAIN INTERNATIONAL LIMITED",
    "industry": "Commercial & Professional Services",
    "marketCap": 0,
    "xid": "754550373",
    "isRecentListing": false,
    "dateListed": -32768,
    "priceChangePercent": 0,
    "securityType": 1,
    "statusCode": "",
    "isin": "AU0000238776",
    "foreignExempt": false,
    "shareDescription": "Ordinary Fully Paid",
    "numOfShares": 0,
    "incomeStatement": []
  },
  {
    "symbol": "SOP",
    "displayName": "SYNERTEC CORPORATION LIMITED",
    "industry": "Commercial & Professional Services",
    "dateListed": "2013-05-28",
    "marketCap": 69949901,
    "xid": "57684885",
    "priceChangeFiveDayPercent": 0,
    "isRecentListing": false,
    "priceAsk": 0.185,
    "priceBid": 0.18,
    "priceChange": 0,
    "priceChangePercent": 0,
    "priceLast": 0.18,
    "sector": "Industrials",
    "industryGroup": "Commercial & Professional Services",
    "securityType": 1,
    "volume": 3274,
    "statusCode": "",
    "isin": "BMG8651T1201",
    "priceClose": 0.18,
    "priceFiftyTwoWeekHigh": 0.23,
    "priceFiftyTwoWeekLow": 0.055,
    "volumeAverage": 578933.703704,
    "cashFlow": -5.02271,
    "earningsPerShare": -0.01148,
    "freeCashFlowYield": -0.0000100000010000001,
    "priceEarningsRatio": -99999.99,
    "priceToCash": -99999.99,
    "foreignExempt": false,
    "shareDescription": "Ordinary Fully Paid",
    "numOfShares": 388610560,
    "yieldAnnual": 0,
    "incomeStatement": [
      {
        "revenue": 10886380,
        "netIncome": -3981230,
        "period": "2022A",
        "fPeriodEndDate": 44742,
        "curCode": "AUD"
      },
      {
        "revenue": 8385690,
        "netIncome": -3351000,
        "period": "2021A",
        "fPeriodEndDate": 44377,
        "curCode": "AUD"
      },
      {
        "revenue": 11120180,
        "netIncome": -1255470,
        "period": "2020A",
        "fPeriodEndDate": 44012,
        "curCode": "AUD"
      },
      {
        "revenue": 24149110,
        "netIncome": -96850,
        "period": "2019A",
        "fPeriodEndDate": 43646,
        "curCode": "AUD"
      }
    ]
  },
  {
    "symbol": "TPP",
    "displayName": "TEMPO AUSTRALIA LTD",
    "industry": "Commercial & Professional Services",
    "dateListed": "1980-12-04",
    "marketCap": 12016472,
    "xid": "221585",
    "priceChangeFiveDayPercent": -8.333333333333323,
    "isRecentListing": false,
    "priceAsk": 0.036000000000000004,
    "priceBid": 0.03,
    "priceChange": 0,
    "priceChangePercent": 0,
    "priceLast": 0.033,
    "sector": "Industrials",
    "industryGroup": "Commercial & Professional Services",
    "securityType": 1,
    "volume": 0,
    "statusCode": "",
    "isin": "AU000000TPP9",
    "priceClose": 0.033,
    "priceFiftyTwoWeekHigh": 0.09,
    "priceFiftyTwoWeekLow": 0.03,
    "volumeAverage": 120090.346154,
    "cashFlow": -4.943,
    "earningsPerShare": -0.01127,
    "freeCashFlowYield": -0.0000100000010000001,
    "priceEarningsRatio": -99999.99,
    "priceToCash": -99999.99,
    "foreignExempt": false,
    "shareDescription": "Ordinary Fully Paid",
    "numOfShares": 364135504,
    "yieldAnnual": 0,
    "incomeStatement": [
      {
        "revenue": 14981000,
        "netIncome": -4219000,
        "period": "2021A",
        "fPeriodEndDate": 44561,
        "curCode": "AUD"
      },
      {
        "revenue": 30124000,
        "netIncome": 229000,
        "period": "2020A",
        "fPeriodEndDate": 44196,
        "curCode": "AUD"
      },
      {
        "revenue": 52944000,
        "netIncome": -19964000,
        "period": "2019A",
        "fPeriodEndDate": 43830,
        "curCode": "AUD"
      },
      {
        "revenue": 40492000,
        "netIncome": -5648000,
        "period": "2018A",
        "fPeriodEndDate": 43465,
        "curCode": "AUD"
      }
    ]
  },
  {
    "symbol": "GO2",
    "displayName": "THE GO2 PEOPLE LTD",
    "industry": "Commercial & Professional Services",
    "dateListed": "2017-10-31",
    "marketCap": 5286297,
    "xid": "436332016",
    "priceChangeFiveDayPercent": 1.3344026738283132e-14,
    "isRecentListing": false,
    "priceAsk": 0.014,
    "priceBid": 0.013000000000000001,
    "priceChange": 0,
    "priceChangePercent": 0,
    "priceLast": 0.013000000000000001,
    "sector": "Industrials",
    "industryGroup": "Commercial & Professional Services",
    "securityType": 1,
    "volume": 137508,
    "statusCode": "",
    "isin": "AU000000GO22",
    "priceClose": 0.013000000000000001,
    "priceDayHigh": 0.013000000000000001,
    "priceDayLow": 0.013000000000000001,
    "priceFiftyTwoWeekHigh": 0.047,
    "priceFiftyTwoWeekLow": 0.01,
    "volumeAverage": 284516.944444,
    "cashFlow": -1.065,
    "earningsPerShare": -0.01371,
    "freeCashFlowYield": -0.0000100000010000001,
    "priceEarningsRatio": -99999.99,
    "priceToCash": -99999.99,
    "foreignExempt": false,
    "shareDescription": "Ordinary Fully Paid",
    "numOfShares": 406638254,
    "yieldAnnual": 0,
    "incomeStatement": [
      {
        "revenue": 73716000,
        "netIncome": -5453000,
        "period": "2022A",
        "fPeriodEndDate": 44742,
        "curCode": "AUD"
      },
      {
        "revenue": 29683000,
        "netIncome": -2689000,
        "period": "2021A",
        "fPeriodEndDate": 44377,
        "curCode": "AUD"
      },
      {
        "revenue": 29083420,
        "netIncome": -1850690,
        "period": "2020A",
        "fPeriodEndDate": 44012,
        "curCode": "AUD"
      },
      {
        "revenue": 46449530,
        "netIncome": -3588140,
        "period": "2019A",
        "fPeriodEndDate": 43646,
        "curCode": "AUD"
      }
    ]
  },
  {
    "symbol": "VRS",
    "displayName": "VERIS LIMITED",
    "industry": "Commercial & Professional Services",
    "dateListed": "2008-06-25",
    "marketCap": 43471206,
    "xid": "11893280",
    "priceChangeFiveDayPercent": 10.256410256410266,
    "isRecentListing": false,
    "priceAsk": 0.08600000000000001,
    "priceBid": 0.085,
    "priceChange": 0.0030000000000000027,
    "priceChangePercent": 3.6144578313253044,
    "priceLast": 0.08600000000000001,
    "sector": "Industrials",
    "industryGroup": "Commercial & Professional Services",
    "securityType": 1,
    "volume": 30132,
    "statusCode": "",
    "isin": "AU000000VRS5",
    "priceClose": 0.083,
    "priceDayHigh": 0.08600000000000001,
    "priceDayLow": 0.0845,
    "priceFiftyTwoWeekHigh": 0.1,
    "priceFiftyTwoWeekLow": 0.053,
    "volumeAverage": 425348.405797,
    "dateExDate": "2018-09-10",
    "datePayDate": "2018-09-25",
    "dateRecordDate": "2018-09-11",
    "dividend": 0.005,
    "dividendType": "F",
    "frankingPercent": 100,
    "cashFlow": -0.54,
    "earningsPerShare": 0.00097,
    "freeCashFlowYield": 0.19420718799644215,
    "priceEarningsRatio": 90.72165,
    "priceToCash": 5.14914,
    "foreignExempt": false,
    "shareDescription": "Ordinary Fully Paid",
    "numOfShares": 523749464,
    "yieldAnnual": 0,
    "incomeStatement": [
      {
        "revenue": 92366000,
        "netIncome": 21050000,
        "period": "2022A",
        "fPeriodEndDate": 44742,
        "curCode": "AUD"
      },
      {
        "revenue": 77442000,
        "netIncome": -1380000,
        "period": "2021A",
        "fPeriodEndDate": 44377,
        "curCode": "AUD"
      },
      {
        "revenue": 94105000,
        "netIncome": -26493000,
        "period": "2020A",
        "fPeriodEndDate": 44012,
        "curCode": "AUD"
      },
      {
        "revenue": 107558000,
        "netIncome": -40089000,
        "period": "2019A",
        "fPeriodEndDate": 43646,
        "curCode": "AUD"
      }
    ]
  },
  {
    "symbol": "YPB",
    "displayName": "YPB GROUP LTD",
    "industry": "Commercial & Professional Services",
    "dateListed": "2005-03-07",
    "marketCap": 1626185,
    "xid": "1418412",
    "priceChangeFiveDayPercent": -33.333333333333336,
    "isRecentListing": false,
    "priceAsk": 0.005,
    "priceBid": 0.004,
    "priceChange": 0,
    "priceChangePercent": 0,
    "priceLast": 0.004,
    "sector": "Industrials",
    "industryGroup": "Commercial & Professional Services",
    "securityType": 1,
    "volume": 23334,
    "statusCode": "RE",
    "isin": "AU000000YPB9",
    "priceClose": 0.004,
    "priceDayHigh": 0.004,
    "priceDayLow": 0.004,
    "priceFiftyTwoWeekHigh": 0.1,
    "priceFiftyTwoWeekLow": 0.004,
    "volumeAverage": 1590109.261905,
    "cashFlow": -3.35373,
    "earningsPerShare": -0.0188,
    "freeCashFlowYield": -0.0000100000010000001,
    "priceEarningsRatio": -99999.99,
    "priceToCash": -99999.99,
    "foreignExempt": false,
    "shareDescription": "Ordinary Fully Paid",
    "numOfShares": 406546153,
    "yieldAnnual": 0,
    "incomeStatement": [
      {
        "revenue": 640750,
        "netIncome": -3513260,
        "period": "2021A",
        "fPeriodEndDate": 44561,
        "curCode": "AUD"
      },
      {
        "revenue": 616000,
        "netIncome": -11193000,
        "period": "2020A",
        "fPeriodEndDate": 44196,
        "curCode": "AUD"
      },
      {
        "revenue": 1119000,
        "netIncome": -7987000,
        "period": "2019A",
        "fPeriodEndDate": 43830,
        "curCode": "AUD"
      },
      {
        "revenue": 1987000,
        "netIncome": -7278000,
        "period": "2018A",
        "fPeriodEndDate": 43465,
        "curCode": "AUD"
      }
    ]
  }
]