[
  {
    "symbol": "14D",
    "displayName": "1414 DEGREES LIMITED",
    "industry": "Capital Goods",
    "dateListed": "2018-09-12",
    "marketCap": 17168764,
    "xid": "486191506",
    "priceChangeFiveDayPercent": -2.2988505747126298,
    "isRecentListing": false,
    "priceAsk": 0.097,
    "priceBid": 0.085,
    "priceChange": 0,
    "priceChangePercent": 0,
    "priceLast": 0.085,
    "sector": "Industrials",
    "industryGroup": "Capital Goods",
    "securityType": 1,
    "volume": 46192,
    "statusCode": "",
    "isin": "AU0000010696",
    "priceClose": 0.085,
    "priceDayHigh": 0.093,
    "priceDayLow": 0.085,
    "priceFiftyTwoWeekHigh": 0.135,
    "priceFiftyTwoWeekLow": 0.058,
    "volumeAverage": 100948.877778,
    "cashFlow": -4.74472,
    "earningsPerShare": -0.00681,
    "freeCashFlowYield": -0.0000100000010000001,
    "priceEarningsRatio": -99999.99,
    "priceToCash": -99999.99,
    "foreignExempt": false,
    "shareDescription": "Ordinary Fully Paid",
    "numOfShares": 201985458,
    "yieldAnnual": 0,
    "incomeStatement": [
      {
        "revenue": 566610,
        "netIncome": -1369310,
        "period": "2022A",
        "fPeriodEndDate": 44742,
        "curCode": "AUD"
      },
      {
        "revenue": 486550,
        "netIncome": -5974180,
        "period": "2021A",
        "fPeriodEndDate": 44377,
        "curCode": "AUD"
      },
      {
        "revenue": 411050,
        "netIncome": -2865960,
        "period": "2020A",
        "fPeriodEndDate": 44012,
        "curCode": "AUD"
      },
      {
        "revenue": 298820,
        "netIncome": -4270820,
        "period": "2019A",
        "fPeriodEndDate": 43646,
        "curCode": "AUD"
      }
    ]
  },
  {
    "symbol": "ACF",
    "displayName": "ACROW FORMWORK AND CONSTRUCTION SERVICES LIMITED",
    "industry": "Capital Goods",
    "dateListed": "2008-06-27",
    "marketCap": 145797017,
    "xid": "12134104",
    "priceChangeFiveDayPercent": 4.672897196261686,
    "isRecentListing": false,
    "priceAsk": 0.58,
    "priceBid": 0.56,
    "priceChange": 0,
    "priceChangePercent": 0,
    "priceLast": 0.56,
    "sector": "Industrials",
    "industryGroup": "Capital Goods",
    "securityType": 1,
    "volume": 348861,
    "statusCode": "XD",
    "isin": "AU0000006124",
    "priceClose": 0.56,
    "priceDayHigh": 0.58,
    "priceDayLow": 0.555,
    "priceFiftyTwoWeekHigh": 0.595,
    "priceFiftyTwoWeekLow": 0.41,
    "volumeAverage": 249711.066667,
    "dateExDate": "2022-10-27",
    "datePayDate": "2022-11-30",
    "dateRecordDate": "2022-10-28",
    "dividend": 0.015,
    "dividendType": "F",
    "frankingPercent": 60,
    "cashFlow": -15.95811,
    "earningsPerShare": 0.0606,
    "freeCashFlowYield": 0.19729158117364817,
    "priceEarningsRatio": 9.24092,
    "priceToCash": 5.06864,
    "foreignExempt": false,
    "shareDescription": "Ordinary Fully Paid",
    "numOfShares": 260351816,
    "yieldAnnual": 4.821428571428571,
    "incomeStatement": [
      {
        "revenue": 140826920,
        "netIncome": 15694170,
        "period": "2022A",
        "fPeriodEndDate": 44742,
        "curCode": "AUD"
      },
      {
        "revenue": 94608890,
        "netIncome": 3963000,
        "period": "2021A",
        "fPeriodEndDate": 44377,
        "curCode": "AUD"
      },
      {
        "revenue": 81681600,
        "netIncome": 3013340,
        "period": "2020A",
        "fPeriodEndDate": 44012,
        "curCode": "AUD"
      },
      {
        "revenue": 68858910,
        "netIncome": 4948720,
        "period": "2019A",
        "fPeriodEndDate": 43646,
        "curCode": "AUD"
      }
    ]
  },
  {
    "symbol": "AE1",
    "displayName": "AERISON GROUP LTD",
    "industry": "Capital Goods",
    "dateListed": "2021-07-12",
    "marketCap": 59835935,
    "xid": "660693415",
    "priceChangeFiveDayPercent": 19.35483870967742,
    "isRecentListing": false,
    "priceAsk": 0.185,
    "priceBid": 0.13,
    "priceChange": 0,
    "priceChangePercent": 0,
    "priceLast": 0.185,
    "sector": "Industrials",
    "industryGroup": "Capital Goods",
    "securityType": 1,
    "volume": 231767,
    "statusCode": "",
    "isin": "AU0000153272",
    "priceClose": 0.185,
    "priceDayHigh": 0.19,
    "priceDayLow": 0.185,
    "priceFiftyTwoWeekHigh": 0.21,
    "priceFiftyTwoWeekLow": 0.1,
    "volumeAverage": 81845.125,
    "cashFlow": 5.422,
    "earningsPerShare": 0.01827,
    "freeCashFlowYield": 0.11088736505007674,
    "priceEarningsRatio": 10.12589,
    "priceToCash": 9.01816,
    "foreignExempt": false,
    "shareDescription": "Ordinary Fully Paid",
    "numOfShares": 323437488,
    "yieldAnnual": 0,
    "incomeStatement": [
      {
        "revenue": 134886000,
        "netIncome": 5358000,
        "period": "2021A",
        "fPeriodEndDate": 44561,
        "curCode": "AUD"
      },
      {
        "revenue": 100527000,
        "netIncome": 5059000,
        "period": "2020A",
        "fPeriodEndDate": 44196,
        "curCode": "AUD"
      },
      {
        "revenue": 80058700,
        "netIncome": 4115640,
        "period": "2019A",
        "fPeriodEndDate": 43830,
        "curCode": "AUD"
      },
      {
        "revenue": 50485250,
        "netIncome": 1256210,
        "period": "2018A",
        "fPeriodEndDate": 43465,
        "curCode": "AUD"
      }
    ]
  },
  {
    "symbol": "AJL",
    "displayName": "AJ LUCAS GROUP LIMITED",
    "industry": "Capital Goods",
    "dateListed": "1999-08-10",
    "marketCap": 46774807,
    "xid": "42120",
    "priceChangeFiveDayPercent": 0,
    "isRecentListing": false,
    "priceAsk": 0.035,
    "priceBid": 0.032,
    "priceChange": 0.0010000000000000009,
    "priceChangePercent": 2.9411764705882377,
    "priceLast": 0.035,
    "sector": "Industrials",
    "industryGroup": "Capital Goods",
    "securityType": 1,
    "volume": 188473,
    "statusCode": "",
    "isin": "AU000000AJL1",
    "priceClose": 0.034,
    "priceDayHigh": 0.035,
    "priceDayLow": 0.034,
    "priceFiftyTwoWeekHigh": 0.24,
    "priceFiftyTwoWeekLow": 0.031,
    "volumeAverage": 3769837.044944,
    "cashFlow": 9.284,
    "earningsPerShare": -0.00925,
    "freeCashFlowYield": -0.0000100000010000001,
    "priceEarningsRatio": -99999.99,
    "priceToCash": -99999.99,
    "foreignExempt": false,
    "shareDescription": "Ordinary Fully Paid",
    "numOfShares": 1375729630,
    "yieldAnnual": 0,
    "incomeStatement": [
      {
        "revenue": 123231000,
        "netIncome": -11321000,
        "period": "2022A",
        "fPeriodEndDate": 44742,
        "curCode": "AUD"
      },
      {
        "revenue": 111086000,
        "netIncome": 3339000,
        "period": "2021A",
        "fPeriodEndDate": 44377,
        "curCode": "AUD"
      },
      {
        "revenue": 146746000,
        "netIncome": -8867000,
        "period": "2020A",
        "fPeriodEndDate": 44012,
        "curCode": "AUD"
      },
      {
        "revenue": 143442000,
        "netIncome": -39390000,
        "period": "2019A",
        "fPeriodEndDate": 43646,
        "curCode": "AUD"
      }
    ]
  },
  {
    "symbol": "3DA",
    "displayName": "AMAERO INTERNATIONAL LTD",
    "industry": "Capital Goods",
    "dateListed": "2019-12-06",
    "marketCap": 16429735,
    "xid": "565626045",
    "priceChangeFiveDayPercent": 0,
    "isRecentListing": false,
    "priceAsk": 0.066,
    "priceBid": 0.065,
    "priceChange": 0,
    "priceChangePercent": 0,
    "priceLast": 0.064,
    "sector": "Industrials",
    "industryGroup": "Capital Goods",
    "securityType": 1,
    "volume": 14375,
    "statusCode": "XR",
    "isin": "AU0000064578",
    "priceClose": 0.064,
    "priceDayHigh": 0.064,
    "priceDayLow": 0.064,
    "priceFiftyTwoWeekHigh": 0.37,
    "priceFiftyTwoWeekLow": 0.064,
    "volumeAverage": 205461.781609,
    "cashFlow": -11.10938,
    "earningsPerShare": -0.04161,
    "freeCashFlowYield": -0.0000100000010000001,
    "priceEarningsRatio": -99999.99,
    "priceToCash": -99999.99,
    "foreignExempt": false,
    "shareDescription": "Ordinary Fully Paid",
    "numOfShares": 256714607,
    "yieldAnnual": 0,
    "incomeStatement": [
      {
        "revenue": 569830,
        "netIncome": -8621490,
        "period": "2022A",
        "fPeriodEndDate": 44742,
        "curCode": "AUD"
      },
      {
        "revenue": 504140,
        "netIncome": -6990080,
        "period": "2021A",
        "fPeriodEndDate": 44377,
        "curCode": "AUD"
      },
      {
        "revenue": 116580,
        "netIncome": -5777950,
        "period": "2020A",
        "fPeriodEndDate": 44012,
        "curCode": "AUD"
      },
      {
        "revenue": 0,
        "netIncome": -82340,
        "period": "2019A",
        "fPeriodEndDate": 43646,
        "curCode": "AUD"
      }
    ]
  },
  {
    "symbol": "3DAN",
    "displayName": "AMAERO INTERNATIONAL LTD",
    "industry": "Capital Goods",
    "dateListed": "2019-12-06",
    "marketCap": 16429735,
    "xid": "767016079",
    "priceChangeFiveDayPercent": 0,
    "isRecentListing": false,
    "priceChange": 0,
    "priceChangePercent": 0,
    "priceLast": 0,
    "sector": "Industrials",
    "industryGroup": "Capital Goods",
    "securityType": 1,
    "volume": 0,
    "statusCode": "",
    "isin": "AU0000249237",
    "priceClose": 0,
    "priceFiftyTwoWeekHigh": 0,
    "priceFiftyTwoWeekLow": 0,
    "cashFlow": -11.10938,
    "earningsPerShare": -0.04161,
    "freeCashFlowYield": -0.0000100000010000001,
    "priceEarningsRatio": -99999.99,
    "priceToCash": -99999.99,
    "foreignExempt": false,
    "shareDescription": "Ordinary Fully Paid Deferred",
    "numOfShares": 256714607,
    "yieldAnnual": -32768,
    "incomeStatement": [
      {
        "revenue": 569830,
        "netIncome": -8621490,
        "period": "2022A",
        "fPeriodEndDate": 44742,
        "curCode": "AUD"
      },
      {
        "revenue": 504140,
        "netIncome": -6990080,
        "period": "2021A",
        "fPeriodEndDate": 44377,
        "curCode": "AUD"
      },
      {
        "revenue": 116580,
        "netIncome": -5777950,
        "period": "2020A",
        "fPeriodEndDate": 44012,
        "curCode": "AUD"
      },
      {
        "revenue": 0,
        "netIncome": -82340,
        "period": "2019A",
        "fPeriodEndDate": 43646,
        "curCode": "AUD"
      }
    ]
  },
  {
    "symbol": "AL3",
    "displayName": "AML3D LIMITED",
    "industry": "Capital Goods",
    "dateListed": "2020-04-20",
    "marketCap": 14857010,
    "xid": "581348909",
    "priceChangeFiveDayPercent": 13.333333333333346,
    "isRecentListing": false,
    "priceAsk": 0.084,
    "priceBid": 0.08,
    "priceChange": 0.006000000000000005,
    "priceChangePercent": 7.594936708860766,
    "priceLast": 0.085,
    "sector": "Industrials",
    "industryGroup": "Capital Goods",
    "securityType": 1,
    "volume": 7818,
    "statusCode": "",
    "isin": "AU0000079212",
    "priceClose": 0.079,
    "priceDayHigh": 0.085,
    "priceDayLow": 0.079,
    "priceFiftyTwoWeekHigh": 0.18,
    "priceFiftyTwoWeekLow": 0.052,
    "volumeAverage": 166370.654762,
    "cashFlow": -4.13302,
    "earningsPerShare": -0.0325,
    "freeCashFlowYield": -0.0000100000010000001,
    "priceEarningsRatio": -99999.99,
    "priceToCash": -99999.99,
    "foreignExempt": false,
    "shareDescription": "Ordinary Fully Paid",
    "numOfShares": 188063424,
    "yieldAnnual": 0,
    "incomeStatement": [
      {
        "revenue": 2014830,
        "netIncome": -4897030,
        "period": "2022A",
        "fPeriodEndDate": 44742,
        "curCode": "AUD"
      },
      {
        "revenue": 644000,
        "netIncome": -5515000,
        "period": "2021A",
        "fPeriodEndDate": 44377,
        "curCode": "AUD"
      },
      {
        "revenue": 288520,
        "netIncome": -3094020,
        "period": "2020A",
        "fPeriodEndDate": 44012,
        "curCode": "AUD"
      },
      {
        "revenue": 204500,
        "netIncome": -680840,
        "period": "2019A",
        "fPeriodEndDate": 43646,
        "curCode": "AUD"
      }
    ]
  },
  {
    "symbol": "A3D",
    "displayName": "AURORA LABS LIMITED",
    "industry": "Capital Goods",
    "dateListed": "2016-08-16",
    "marketCap": 5524742,
    "xid": "359322891",
    "priceChangeFiveDayPercent": -16.666666666666664,
    "isRecentListing": false,
    "priceAsk": 0.035,
    "priceBid": 0.03,
    "priceChange": 0,
    "priceChangePercent": 0,
    "priceLast": 0.03,
    "sector": "Industrials",
    "industryGroup": "Capital Goods",
    "securityType": 1,
    "volume": 0,
    "statusCode": "",
    "isin": "AU000000A3D7",
    "priceClose": 0.03,
    "priceFiftyTwoWeekHigh": 0.115,
    "priceFiftyTwoWeekLow": 0.03,
    "volumeAverage": 251393.658824,
    "cashFlow": -2.67354,
    "earningsPerShare": -0.01854,
    "freeCashFlowYield": -0.0000100000010000001,
    "priceEarningsRatio": -99999.99,
    "priceToCash": -99999.99,
    "foreignExempt": false,
    "shareDescription": "Ordinary Fully Paid",
    "numOfShares": 184158068,
    "yieldAnnual": 0,
    "incomeStatement": [
      {
        "revenue": 32200,
        "netIncome": -3148530,
        "period": "2022A",
        "fPeriodEndDate": 44742,
        "curCode": "AUD"
      },
      {
        "revenue": 171620,
        "netIncome": -4422700,
        "period": "2021A",
        "fPeriodEndDate": 44377,
        "curCode": "AUD"
      },
      {
        "revenue": 414860,
        "netIncome": -8155860,
        "period": "2020A",
        "fPeriodEndDate": 44012,
        "curCode": "AUD"
      },
      {
        "revenue": 841620,
        "netIncome": -7643070,
        "period": "2019A",
        "fPeriodEndDate": 43646,
        "curCode": "AUD"
      }
    ]
  },
  {
    "symbol": "ASB",
    "displayName": "AUSTAL LIMITED",
    "industry": "Capital Goods",
    "dateListed": "1998-12-08",
    "marketCap": 887982594,
    "xid": "48693",
    "priceChangeFiveDayPercent": 2.0576131687242722,
    "isRecentListing": false,
    "priceAsk": 2.49,
    "priceBid": 2.45,
    "priceChange": 0.029999999999999805,
    "priceChangePercent": 1.2244897959183594,
    "priceLast": 2.48,
    "sector": "Industrials",
    "industryGroup": "Capital Goods",
    "securityType": 1,
    "volume": 203538,
    "statusCode": "",
    "isin": "AU000000ASB3",
    "priceClose": 2.45,
    "priceDayHigh": 2.48,
    "priceDayLow": 2.43,
    "priceFiftyTwoWeekHigh": 2.82,
    "priceFiftyTwoWeekLow": 1.72,
    "volumeAverage": 808101.89011,
    "dateExDate": "2022-09-07",
    "datePayDate": "2022-10-13",
    "dateRecordDate": "2022-09-08",
    "dividend": 0.04,
    "dividendType": "F",
    "frankingPercent": 0,
    "cashFlow": -156.287,
    "earningsPerShare": 0.21929,
    "freeCashFlowYield": 0.13992726580723341,
    "priceEarningsRatio": 11.17242,
    "priceToCash": 7.14657,
    "foreignExempt": false,
    "shareDescription": "Ordinary Fully Paid",
    "numOfShares": 362441875,
    "yieldAnnual": 3.225806451612903,
    "incomeStatement": [
      {
        "revenue": 1429044000,
        "netIncome": 79565000,
        "period": "2022A",
        "fPeriodEndDate": 44742,
        "curCode": "AUD"
      },
      {
        "revenue": 1572175000,
        "netIncome": 81057000,
        "period": "2021A",
        "fPeriodEndDate": 44377,
        "curCode": "AUD"
      },
      {
        "revenue": 2086001000,
        "netIncome": 88978000,
        "period": "2020A",
        "fPeriodEndDate": 44012,
        "curCode": "AUD"
      },
      {
        "revenue": 1851021000,
        "netIncome": 61384000,
        "period": "2019A",
        "fPeriodEndDate": 43646,
        "curCode": "AUD"
      }
    ]
  },
  {
    "symbol": "ANG",
    "displayName": "AUSTIN ENGINEERING LIMITED",
    "industry": "Capital Goods",
    "dateListed": "2004-03-09",
    "marketCap": 195418761,
    "xid": "45603",
    "priceChangeFiveDayPercent": -1.449275362318826,
    "isRecentListing": false,
    "priceAsk": 0.34,
    "priceBid": 0.33,
    "priceChange": 0.0050000000000000044,
    "priceChangePercent": 1.492537313432837,
    "priceLast": 0.34,
    "sector": "Industrials",
    "industryGroup": "Capital Goods",
    "securityType": 1,
    "volume": 298025,
    "statusCode": "",
    "isin": "AU000000ANG3",
    "priceClose": 0.335,
    "priceDayHigh": 0.34,
    "priceDayLow": 0.33,
    "priceFiftyTwoWeekHigh": 0.4,
    "priceFiftyTwoWeekLow": 0.185,
    "volumeAverage": 819103.411111,
    "dateExDate": "2022-10-06",
    "datePayDate": "2022-10-27",
    "dateRecordDate": "2022-10-07",
    "dividend": 0.003,
    "dividendType": "F",
    "frankingPercent": 100,
    "cashFlow": -2.179,
    "earningsPerShare": 0.03412,
    "freeCashFlowYield": 0.13128735125143104,
    "priceEarningsRatio": 9.81829,
    "priceToCash": 7.61688,
    "foreignExempt": false,
    "shareDescription": "Ordinary Fully Paid",
    "numOfShares": 583339584,
    "yieldAnnual": 1.4705882352941175,
    "incomeStatement": [
      {
        "revenue": 203348000,
        "netIncome": 16807000,
        "period": "2022A",
        "fPeriodEndDate": 44742,
        "curCode": "AUD"
      },
      {
        "revenue": 198110000,
        "netIncome": -540000,
        "period": "2021A",
        "fPeriodEndDate": 44377,
        "curCode": "AUD"
      },
      {
        "revenue": 215987000,
        "netIncome": 5185000,
        "period": "2020A",
        "fPeriodEndDate": 44012,
        "curCode": "AUD"
      },
      {
        "revenue": 230830000,
        "netIncome": -4590000,
        "period": "2019A",
        "fPeriodEndDate": 43646,
        "curCode": "AUD"
      }
    ]
  },
  {
    "symbol": "BPP",
    "displayName": "BABYLON PUMP & POWER LIMITED",
    "industry": "Capital Goods",
    "dateListed": "1996-12-13",
    "marketCap": 12288857,
    "xid": "165941",
    "priceChangeFiveDayPercent": -16.666666666666668,
    "isRecentListing": false,
    "priceAsk": 0.006,
    "priceBid": 0.005,
    "priceChange": 0,
    "priceChangePercent": 0,
    "priceLast": 0.005,
    "sector": "Industrials",
    "industryGroup": "Capital Goods",
    "securityType": 1,
    "volume": 1147502,
    "statusCode": "",
    "isin": "AU000000BPP7",
    "priceClose": 0.005,
    "priceDayHigh": 0.005,
    "priceDayLow": 0.005,
    "priceFiftyTwoWeekHigh": 0.015,
    "priceFiftyTwoWeekLow": 0.004,
    "volumeAverage": 1515644.745455,
    "cashFlow": -1.01736,
    "earningsPerShare": -0.00449,
    "freeCashFlowYield": -0.0000100000010000001,
    "priceEarningsRatio": -99999.99,
    "priceToCash": -99999.99,
    "foreignExempt": false,
    "shareDescription": "Ordinary Fully Paid",
    "numOfShares": 2457771343,
    "yieldAnnual": 0,
    "incomeStatement": [
      {
        "revenue": 27517240,
        "netIncome": -5209880,
        "period": "2022A",
        "fPeriodEndDate": 44742,
        "curCode": "AUD"
      },
      {
        "revenue": 21331970,
        "netIncome": -6357780,
        "period": "2021A",
        "fPeriodEndDate": 44377,
        "curCode": "AUD"
      },
      {
        "revenue": 17199630,
        "netIncome": -1777620,
        "period": "2020A",
        "fPeriodEndDate": 44012,
        "curCode": "AUD"
      },
      {
        "revenue": 11509160,
        "netIncome": -2209220,
        "period": "2019A",
        "fPeriodEndDate": 43646,
        "curCode": "AUD"
      }
    ]
  },
  {
    "symbol": "BMH",
    "displayName": "BAUMART HOLDINGS LIMITED",
    "industry": "Capital Goods",
    "dateListed": "2015-06-19",
    "marketCap": 17369371,
    "xid": "275042487",
    "priceChangeFiveDayPercent": 0,
    "isRecentListing": false,
    "priceAsk": 0.12,
    "priceBid": 0.03,
    "priceChange": 0,
    "priceChangePercent": 0,
    "priceLast": 0.12,
    "sector": "Industrials",
    "industryGroup": "Capital Goods",
    "securityType": 1,
    "volume": 0,
    "statusCode": "",
    "isin": "AU000000BMH1",
    "priceClose": 0.12,
    "priceFiftyTwoWeekHigh": 0.2,
    "priceFiftyTwoWeekLow": 0.1,
    "volumeAverage": 42898,
    "cashFlow": -0.6885,
    "earningsPerShare": -0.00278,
    "freeCashFlowYield": 0.020900279541238864,
    "priceEarningsRatio": -99999.99,
    "priceToCash": 47.84625,
    "foreignExempt": false,
    "shareDescription": "Ordinary Fully Paid",
    "numOfShares": 144744757,
    "yieldAnnual": 0,
    "incomeStatement": [
      {
        "revenue": 499150,
        "netIncome": 350780,
        "period": "2022A",
        "fPeriodEndDate": 44742,
        "curCode": "AUD"
      },
      {
        "revenue": 4308260,
        "netIncome": 3316070,
        "period": "2021A",
        "fPeriodEndDate": 44377,
        "curCode": "AUD"
      },
      {
        "revenue": 4677930,
        "netIncome": -258640,
        "period": "2020A",
        "fPeriodEndDate": 44012,
        "curCode": "AUD"
      },
      {
        "revenue": 4505900,
        "netIncome": -555140,
        "period": "2019A",
        "fPeriodEndDate": 43646,
        "curCode": "AUD"
      }
    ]
  },
  {
    "symbol": "BOL",
    "displayName": "BOOM LOGISTICS LIMITED",
    "industry": "Capital Goods",
    "dateListed": "2003-10-14",
    "marketCap": 62027260,
    "xid": "64443",
    "priceChangeFiveDayPercent": 3.5714285714285543,
    "isRecentListing": false,
    "priceAsk": 0.15,
    "priceBid": 0.145,
    "priceChange": 0,
    "priceChangePercent": 0,
    "priceLast": 0.145,
    "sector": "Industrials",
    "industryGroup": "Capital Goods",
    "securityType": 1,
    "volume": 151916,
    "upcomingEventName": "Boom Logistics Limited AGM",
    "statusCode": "",
    "isin": "AU000000BOL9",
    "priceClose": 0.145,
    "priceDayHigh": 0.15,
    "priceDayLow": 0.145,
    "priceFiftyTwoWeekHigh": 0.215,
    "priceFiftyTwoWeekLow": 0.135,
    "volumeAverage": 158058.45679,
    "dateExDate": "2022-03-17",
    "datePayDate": "2022-04-06",
    "dateRecordDate": "2022-03-18",
    "dividend": 0.005,
    "dividendType": "I",
    "frankingPercent": 0,
    "cashFlow": 23.838,
    "earningsPerShare": 0.00884,
    "freeCashFlowYield": 0.6168917293325848,
    "priceEarningsRatio": 16.40271,
    "priceToCash": 1.62103,
    "foreignExempt": false,
    "shareDescription": "Ordinary Fully Paid",
    "numOfShares": 427774207,
    "yieldAnnual": 10.344827586206897,
    "incomeStatement": [
      {
        "revenue": 215852000,
        "netIncome": 3791000,
        "period": "2022A",
        "fPeriodEndDate": 44742,
        "curCode": "AUD"
      },
      {
        "revenue": 173263000,
        "netIncome": 1230000,
        "period": "2021A",
        "fPeriodEndDate": 44377,
        "curCode": "AUD"
      },
      {
        "revenue": 185542000,
        "netIncome": -16959000,
        "period": "2020A",
        "fPeriodEndDate": 44012,
        "curCode": "AUD"
      },
      {
        "revenue": 182733000,
        "netIncome": -5330000,
        "period": "2019A",
        "fPeriodEndDate": 43646,
        "curCode": "AUD"
      }
    ]
  },
  {
    "symbol": "CFO",
    "displayName": "CFOAM LIMITED",
    "industry": "Capital Goods",
    "dateListed": "2016-10-26",
    "marketCap": 2201522,
    "xid": "357797431",
    "priceChangeFiveDayPercent": 0,
    "isRecentListing": false,
    "priceAsk": 0.003,
    "priceBid": 0.002,
    "priceChange": 0,
    "priceChangePercent": 0,
    "priceLast": 0.003,
    "sector": "Industrials",
    "industryGroup": "Capital Goods",
    "securityType": 1,
    "volume": 178395,
    "statusCode": "",
    "isin": "AU000000CFO9",
    "priceClose": 0.003,
    "priceDayHigh": 0.003,
    "priceDayLow": 0.003,
    "priceFiftyTwoWeekHigh": 0.014,
    "priceFiftyTwoWeekLow": 0.0025,
    "volumeAverage": 1303469.031746,
    "cashFlow": -2.34162,
    "earningsPerShare": 0.00108,
    "freeCashFlowYield": 0.21319143311545172,
    "priceEarningsRatio": 2.78375,
    "priceToCash": 4.69062,
    "foreignExempt": false,
    "shareDescription": "Ordinary Fully Paid",
    "numOfShares": 733840634,
    "yieldAnnual": 0,
    "incomeStatement": [
      {
        "revenue": 0,
        "netIncome": -3553340,
        "period": "2022A",
        "fPeriodEndDate": 44742,
        "curCode": "USD"
      },
      {
        "revenue": -32768,
        "netIncome": -2386870,
        "period": "2021A",
        "fPeriodEndDate": 44377,
        "curCode": "USD"
      },
      {
        "revenue": 847350,
        "netIncome": -4517940,
        "period": "2020A",
        "fPeriodEndDate": 44012,
        "curCode": "USD"
      },
      {
        "revenue": 996810,
        "netIncome": -5932390,
        "period": "2019A",
        "fPeriodEndDate": 43646,
        "curCode": "USD"
      }
    ]
  },
  {
    "symbol": "CVL",
    "displayName": "CIVMEC LIMITED",
    "industry": "Capital Goods",
    "dateListed": "2018-06-22",
    "marketCap": 325810140,
    "xid": "475899517",
    "priceChangeFiveDayPercent": -0.7874015748031503,
    "isRecentListing": false,
    "priceAsk": 0.645,
    "priceBid": 0.62,
    "priceChange": -0.015000000000000013,
    "priceChangePercent": -2.325581395348839,
    "priceLast": 0.63,
    "sector": "Industrials",
    "industryGroup": "Capital Goods",
    "securityType": 1,
    "volume": 52751,
    "statusCode": "CD",
    "isin": "AU0000012056",
    "priceClose": 0.645,
    "priceDayHigh": 0.645,
    "priceDayLow": 0.63,
    "priceFiftyTwoWeekHigh": 0.8,
    "priceFiftyTwoWeekLow": 0.55,
    "volumeAverage": 15687.843137,
    "dateExDate": "2022-12-07",
    "datePayDate": "2022-12-19",
    "dateRecordDate": "2022-12-08",
    "dividend": 0.02,
    "dividendType": "F",
    "frankingPercent": 100,
    "cashFlow": -18.02094,
    "earningsPerShare": 0.07746,
    "freeCashFlowYield": 0.17611028730632272,
    "priceEarningsRatio": 7.55259,
    "priceToCash": 5.67826,
    "foreignExempt": false,
    "shareDescription": "Chess Depositary Interests 1:1",
    "numOfShares": 505132000,
    "yieldAnnual": 0,
    "incomeStatement": [
      {
        "revenue": 674186000,
        "netIncome": 34771000,
        "period": "2021A",
        "fPeriodEndDate": 44377,
        "curCode": "AUD"
      },
      {
        "revenue": 391868000,
        "netIncome": 17586000,
        "period": "2020A",
        "fPeriodEndDate": 44012,
        "curCode": "AUD"
      },
      {
        "revenue": 488511000,
        "netIncome": 6075000,
        "period": "2019A",
        "fPeriodEndDate": 43646,
        "curCode": "AUD"
      },
      {
        "revenue": 702415000,
        "netIncome": 18112000,
        "period": "2018A",
        "fPeriodEndDate": 43281,
        "curCode": "AUD"
      }
    ]
  },
  {
    "symbol": "CPV",
    "displayName": "CLEARVUE TECHNOLOGIES LIMITED",
    "industry": "Capital Goods",
    "dateListed": "2018-05-25",
    "marketCap": 38351043,
    "xid": "463138120",
    "priceChangeFiveDayPercent": -5.263157894736847,
    "isRecentListing": false,
    "priceAsk": 0.18,
    "priceBid": 0.17500000000000002,
    "priceChange": 0,
    "priceChangePercent": 0,
    "priceLast": 0.18,
    "sector": "Industrials",
    "industryGroup": "Capital Goods",
    "securityType": 1,
    "volume": 350777,
    "statusCode": "",
    "isin": "AU0000003816",
    "priceClose": 0.18,
    "priceDayHigh": 0.185,
    "priceDayLow": 0.17500000000000002,
    "priceFiftyTwoWeekHigh": 0.52,
    "priceFiftyTwoWeekLow": 0.175,
    "volumeAverage": 136959.648352,
    "cashFlow": -4.53732,
    "earningsPerShare": -0.01803,
    "freeCashFlowYield": -0.0000100000010000001,
    "priceEarningsRatio": -99999.99,
    "priceToCash": -99999.99,
    "foreignExempt": false,
    "shareDescription": "Ordinary Fully Paid",
    "numOfShares": 213061352,
    "yieldAnnual": 0,
    "incomeStatement": [
      {
        "revenue": 390660,
        "netIncome": -3806150,
        "period": "2022A",
        "fPeriodEndDate": 44742,
        "curCode": "AUD"
      },
      {
        "revenue": 186530,
        "netIncome": -6900490,
        "period": "2021A",
        "fPeriodEndDate": 44377,
        "curCode": "AUD"
      },
      {
        "revenue": 559530,
        "netIncome": -2049190,
        "period": "2020A",
        "fPeriodEndDate": 44012,
        "curCode": "AUD"
      },
      {
        "revenue": 23030,
        "netIncome": -3852960,
        "period": "2019A",
        "fPeriodEndDate": 43646,
        "curCode": "AUD"
      }
    ]
  },
  {
    "symbol": "CYG",
    "displayName": "COVENTRY GROUP LIMITED",
    "industry": "Capital Goods",
    "dateListed": "1966-01-27",
    "marketCap": 110827052,
    "xid": "84858",
    "priceChangeFiveDayPercent": -1.6597510373443998,
    "isRecentListing": false,
    "priceAsk": 1.2,
    "priceBid": 1.185,
    "priceChange": -0.014999999999999902,
    "priceChangePercent": -1.249999999999992,
    "priceLast": 1.185,
    "sector": "Industrials",
    "industryGroup": "Capital Goods",
    "securityType": 1,
    "volume": 43311,
    "statusCode": "",
    "isin": "AU000000CYG6",
    "priceClose": 1.2,
    "priceDayHigh": 1.21,
    "priceDayLow": 1.18,
    "priceFiftyTwoWeekHigh": 1.85,
    "priceFiftyTwoWeekLow": 1.105,
    "volumeAverage": 23239.043478,
    "dateExDate": "2022-09-29",
    "datePayDate": "2022-10-14",
    "dateRecordDate": "2022-09-30",
    "dividend": 0.035,
    "dividendType": "F",
    "frankingPercent": 100,
    "cashFlow": 4.681,
    "earningsPerShare": 0.0522,
    "freeCashFlowYield": 0.17128479008192551,
    "priceEarningsRatio": 22.98851,
    "priceToCash": 5.83823,
    "foreignExempt": false,
    "shareDescription": "Ordinary Fully Paid",
    "numOfShares": 92355877,
    "yieldAnnual": 2.9535864978902953,
    "incomeStatement": [
      {
        "revenue": 322324000,
        "netIncome": 4841000,
        "period": "2022A",
        "fPeriodEndDate": 44742,
        "curCode": "AUD"
      },
      {
        "revenue": 288522000,
        "netIncome": 7246000,
        "period": "2021A",
        "fPeriodEndDate": 44377,
        "curCode": "AUD"
      },
      {
        "revenue": 247567000,
        "netIncome": -455000,
        "period": "2020A",
        "fPeriodEndDate": 44012,
        "curCode": "AUD"
      },
      {
        "revenue": 202346000,
        "netIncome": -1426000,
        "period": "2019A",
        "fPeriodEndDate": 43646,
        "curCode": "AUD"
      }
    ]
  },
  {
    "symbol": "DCG",
    "displayName": "DECMIL GROUP LIMITED",
    "industry": "Capital Goods",
    "dateListed": "2005-04-22",
    "marketCap": 27974517,
    "xid": "629343430",
    "priceChangeFiveDayPercent": 5.555555555555561,
    "isRecentListing": false,
    "priceAsk": 0.19,
    "priceBid": 0.185,
    "priceChange": 0.010000000000000009,
    "priceChangePercent": 5.555555555555561,
    "priceLast": 0.19,
    "sector": "Industrials",
    "industryGroup": "Capital Goods",
    "securityType": 1,
    "volume": 66607,
    "statusCode": "",
    "isin": "AU000000DCG0",
    "priceClose": 0.18,
    "priceDayHigh": 0.19,
    "priceDayLow": 0.18,
    "priceFiftyTwoWeekHigh": 0.36,
    "priceFiftyTwoWeekLow": 0.092,
    "volumeAverage": 187541.579545,
    "cashFlow": 4.671,
    "earningsPerShare": -0.66594,
    "freeCashFlowYield": -0.0000100000010000001,
    "priceEarningsRatio": -99999.99,
    "priceToCash": -99999.99,
    "foreignExempt": false,
    "shareDescription": "Ordinary Fully Paid",
    "numOfShares": 155413986,
    "yieldAnnual": 0,
    "incomeStatement": [
      {
        "revenue": 377614000,
        "netIncome": -103230000,
        "period": "2022A",
        "fPeriodEndDate": 44742,
        "curCode": "AUD"
      },
      {
        "revenue": 303754000,
        "netIncome": -11456000,
        "period": "2021A",
        "fPeriodEndDate": 44377,
        "curCode": "AUD"
      },
      {
        "revenue": 451366000,
        "netIncome": -140424000,
        "period": "2020A",
        "fPeriodEndDate": 44012,
        "curCode": "AUD"
      },
      {
        "revenue": 551681000,
        "netIncome": 14018000,
        "period": "2019A",
        "fPeriodEndDate": 43646,
        "curCode": "AUD"
      }
    ]
  },
  {
    "symbol": "DRA",
    "displayName": "DRA GLOBAL LIMITED",
    "industry": "Capital Goods",
    "dateListed": "2021-07-09",
    "marketCap": 108820996,
    "xid": "662284273",
    "priceChangeFiveDayPercent": 0,
    "isRecentListing": false,
    "priceAsk": 2,
    "priceChange": 0,
    "priceChangePercent": 0,
    "priceLast": 2,
    "sector": "Industrials",
    "industryGroup": "Capital Goods",
    "securityType": 1,
    "volume": 100000,
    "statusCode": "",
    "isin": "AU0000155814",
    "priceClose": 2,
    "priceFiftyTwoWeekHigh": 3.49,
    "priceFiftyTwoWeekLow": 1.88,
    "volumeAverage": 9737.058824,
    "cashFlow": -99999.99,
    "earningsPerShare": -99999.99,
    "freeCashFlowYield": -0.0000100000010000001,
    "priceEarningsRatio": -99999.99,
    "priceToCash": -99999.99,
    "foreignExempt": false,
    "shareDescription": "Ordinary Fully Paid",
    "numOfShares": 54410498,
    "yieldAnnual": 0,
    "incomeStatement": [
      {
        "revenue": 1186370000,
        "netIncome": 50000000,
        "period": "2021A",
        "fPeriodEndDate": 44561,
        "curCode": "AUD"
      },
      {
        "revenue": 938249000,
        "netIncome": 23145000,
        "period": "2020A",
        "fPeriodEndDate": 44196,
        "curCode": "AUD"
      },
      {
        "revenue": 1033219000,
        "netIncome": 35849000,
        "period": "2019A",
        "fPeriodEndDate": 43830,
        "curCode": "AUD"
      },
      {
        "revenue": 956654930,
        "netIncome": -41584440,
        "period": "2018A",
        "fPeriodEndDate": 43465,
        "curCode": "AUD"
      }
    ]
  },
  {
    "symbol": "DRO",
    "displayName": "DRONESHIELD LIMITED",
    "industry": "Capital Goods",
    "dateListed": "2016-06-22",
    "marketCap": 88671107,
    "xid": "346108038",
    "priceChangeFiveDayPercent": -2.38095238095237,
    "isRecentListing": false,
    "priceAsk": 0.21,
    "priceBid": 0.20500000000000002,
    "priceChange": 0,
    "priceChangePercent": 0,
    "priceLast": 0.20500000000000002,
    "sector": "Industrials",
    "industryGroup": "Capital Goods",
    "securityType": 1,
    "volume": 527418,
    "statusCode": "",
    "isin": "AU000000DRO2",
    "priceClose": 0.20500000000000002,
    "priceDayHigh": 0.21,
    "priceDayLow": 0.20500000000000002,
    "priceFiftyTwoWeekHigh": 0.3,
    "priceFiftyTwoWeekLow": 0.155,
    "volumeAverage": 631209.89011,
    "cashFlow": -7.4232,
    "earningsPerShare": -0.02389,
    "freeCashFlowYield": -0.0000100000010000001,
    "priceEarningsRatio": -99999.99,
    "priceToCash": -99999.99,
    "foreignExempt": false,
    "shareDescription": "Ordinary Fully Paid",
    "numOfShares": 432541985,
    "yieldAnnual": 0,
    "incomeStatement": [
      {
        "revenue": 10598120,
        "netIncome": -5310450,
        "period": "2021A",
        "fPeriodEndDate": 44561,
        "curCode": "AUD"
      },
      {
        "revenue": 5557740,
        "netIncome": -5866990,
        "period": "2020A",
        "fPeriodEndDate": 44196,
        "curCode": "AUD"
      },
      {
        "revenue": 3617490,
        "netIncome": -7695080,
        "period": "2019A",
        "fPeriodEndDate": 43830,
        "curCode": "AUD"
      },
      {
        "revenue": 1207200,
        "netIncome": -6336100,
        "period": "2018A",
        "fPeriodEndDate": 43465,
        "curCode": "AUD"
      }
    ]
  },
  {
    "symbol": "DUR",
    "displayName": "DURATEC LIMITED",
    "industry": "Capital Goods",
    "dateListed": "2020-11-04",
    "marketCap": 136473144,
    "xid": "622476712",
    "priceChangeFiveDayPercent": 0,
    "isRecentListing": false,
    "priceAsk": 0.545,
    "priceBid": 0.525,
    "priceChange": -0.015000000000000013,
    "priceChangePercent": -2.6785714285714306,
    "priceLast": 0.545,
    "sector": "Industrials",
    "industryGroup": "Capital Goods",
    "securityType": 1,
    "volume": 457622,
    "statusCode": "",
    "isin": "AU0000109159",
    "priceClose": 0.56,
    "priceDayHigh": 0.5750000000000001,
    "priceDayLow": 0.53,
    "priceFiftyTwoWeekHigh": 0.595,
    "priceFiftyTwoWeekLow": 0.295,
    "volumeAverage": 244745.146341,
    "dateExDate": "2022-09-12",
    "datePayDate": "2022-10-05",
    "dateRecordDate": "2022-09-13",
    "dividend": 0.015,
    "dividendType": "F",
    "frankingPercent": 100,
    "cashFlow": 14.597,
    "earningsPerShare": 0.03135,
    "freeCashFlowYield": 0.10654109023497639,
    "priceEarningsRatio": 17.86284,
    "priceToCash": 9.38605,
    "foreignExempt": false,
    "shareDescription": "Ordinary Fully Paid",
    "numOfShares": 243702042,
    "yieldAnnual": 0,
    "incomeStatement": [
      {
        "revenue": 310003000,
        "netIncome": 7761000,
        "period": "2022A",
        "fPeriodEndDate": 44742,
        "curCode": "AUD"
      },
      {
        "revenue": 235709000,
        "netIncome": 7131000,
        "period": "2021A",
        "fPeriodEndDate": 44377,
        "curCode": "AUD"
      },
      {
        "revenue": 247283000,
        "netIncome": 13011000,
        "period": "2020A",
        "fPeriodEndDate": 44012,
        "curCode": "AUD"
      },
      {
        "revenue": 200423890,
        "netIncome": 9063140,
        "period": "2019A",
        "fPeriodEndDate": 43646,
        "curCode": "AUD"
      }
    ]
  },
  {
    "symbol": "DDB",
    "displayName": "DYNAMIC GROUP HOLDINGS LIMITED",
    "industry": "Capital Goods",
    "dateListed": "2020-08-06",
    "marketCap": 37674827,
    "xid": "607761243",
    "priceChangeFiveDayPercent": -3.4482758620689498,
    "isRecentListing": false,
    "priceAsk": 0.3,
    "priceBid": 0.28,
    "priceChange": 0,
    "priceChangePercent": 0,
    "priceLast": 0.28,
    "sector": "Industrials",
    "industryGroup": "Capital Goods",
    "securityType": 1,
    "volume": 0,
    "statusCode": "",
    "isin": "AU0000095010",
    "priceClose": 0.28,
    "priceFiftyTwoWeekHigh": 0.49,
    "priceFiftyTwoWeekLow": 0.23,
    "volumeAverage": 44376.795455,
    "cashFlow": -9.92007,
    "earningsPerShare": 0.01732,
    "freeCashFlowYield": 0.3885366156906628,
    "priceEarningsRatio": 16.16628,
    "priceToCash": 2.57376,
    "foreignExempt": false,
    "shareDescription": "Ordinary Fully Paid",
    "numOfShares": 134552955,
    "yieldAnnual": 0,
    "incomeStatement": [
      {
        "revenue": 73037280,
        "netIncome": 2047300,
        "period": "2022A",
        "fPeriodEndDate": 44742,
        "curCode": "AUD"
      },
      {
        "revenue": 22508590,
        "netIncome": 1640130,
        "period": "2021A",
        "fPeriodEndDate": 44377,
        "curCode": "AUD"
      },
      {
        "revenue": 15213920,
        "netIncome": 434880,
        "period": "2020A",
        "fPeriodEndDate": 44012,
        "curCode": "AUD"
      },
      {
        "revenue": 19068890,
        "netIncome": 1526250,
        "period": "2019A",
        "fPeriodEndDate": 43646,
        "curCode": "AUD"
      }
    ]
  },
  {
    "symbol": "EOS",
    "displayName": "ELECTRO OPTIC SYSTEMS HOLDINGS LIMITED",
    "industry": "Capital Goods",
    "dateListed": "2000-10-23",
    "marketCap": 92467443,
    "xid": "99315",
    "priceChangeFiveDayPercent": 2.803738317757012,
    "isRecentListing": false,
    "priceAsk": 0.58,
    "priceBid": 0.55,
    "priceChange": 0.010000000000000009,
    "priceChangePercent": 1.8518518518518534,
    "priceLast": 0.55,
    "sector": "Industrials",
    "industryGroup": "Capital Goods",
    "securityType": 1,
    "volume": 539324,
    "statusCode": "",
    "isin": "AU000000EOS8",
    "priceClose": 0.54,
    "priceDayHigh": 0.59,
    "priceDayLow": 0.545,
    "priceFiftyTwoWeekHigh": 3.38,
    "priceFiftyTwoWeekLow": 0.43,
    "volumeAverage": 992580.651163,
    "cashFlow": -57.51207,
    "earningsPerShare": -0.72067,
    "freeCashFlowYield": -0.0000100000010000001,
    "priceEarningsRatio": -99999.99,
    "priceToCash": -99999.99,
    "foreignExempt": false,
    "shareDescription": "Ordinary Fully Paid",
    "numOfShares": 171236006,
    "yieldAnnual": 0,
    "incomeStatement": [
      {
        "revenue": 212330650,
        "netIncome": -13004520,
        "period": "2021A",
        "fPeriodEndDate": 44561,
        "curCode": "AUD"
      },
      {
        "revenue": 184494130,
        "netIncome": -24402680,
        "period": "2020A",
        "fPeriodEndDate": 44196,
        "curCode": "AUD"
      },
      {
        "revenue": 165985560,
        "netIncome": 18019650,
        "period": "2019A",
        "fPeriodEndDate": 43830,
        "curCode": "AUD"
      },
      {
        "revenue": 87130400,
        "netIncome": 15302210,
        "period": "2018A",
        "fPeriodEndDate": 43465,
        "curCode": "AUD"
      }
    ]
  },
  {
    "symbol": "EMB",
    "displayName": "EMBELTON LIMITED",
    "industry": "Capital Goods",
    "dateListed": "1974-01-01",
    "marketCap": 21578570,
    "xid": "98132",
    "priceChangeFiveDayPercent": 0,
    "isRecentListing": false,
    "priceAsk": 10.85,
    "priceBid": 9.01,
    "priceChange": 0,
    "priceChangePercent": 0,
    "priceLast": 10,
    "sector": "Industrials",
    "industryGroup": "Capital Goods",
    "securityType": 1,
    "volume": 0,
    "statusCode": "",
    "isin": "AU000000EMB8",
    "priceClose": 10,
    "priceFiftyTwoWeekHigh": 13.1,
    "priceFiftyTwoWeekLow": 10,
    "volumeAverage": 694.333333,
    "dateExDate": "2022-09-21",
    "datePayDate": "2022-10-14",
    "dateRecordDate": "2022-09-23",
    "dividend": 0.2,
    "dividendType": "F",
    "frankingPercent": 100,
    "cashFlow": -7.14989,
    "earningsPerShare": 0.44961,
    "freeCashFlowYield": -0.0000100000010000001,
    "priceEarningsRatio": 22.2415,
    "priceToCash": -99999.99,
    "foreignExempt": false,
    "shareDescription": "Ordinary Fully Paid",
    "numOfShares": 2157857,
    "yieldAnnual": 3.5,
    "incomeStatement": [
      {
        "revenue": 65913230,
        "netIncome": 969400,
        "period": "2022A",
        "fPeriodEndDate": 44742,
        "curCode": "AUD"
      },
      {
        "revenue": 68116850,
        "netIncome": 1439320,
        "period": "2021A",
        "fPeriodEndDate": 44377,
        "curCode": "AUD"
      },
      {
        "revenue": 72324140,
        "netIncome": 2156600,
        "period": "2020A",
        "fPeriodEndDate": 44012,
        "curCode": "AUD"
      },
      {
        "revenue": 58027620,
        "netIncome": 1271500,
        "period": "2019A",
        "fPeriodEndDate": 43646,
        "curCode": "AUD"
      }
    ]
  },
  {
    "symbol": "EHL",
    "displayName": "EMECO HOLDINGS LIMITED",
    "industry": "Capital Goods",
    "dateListed": "2006-07-28",
    "marketCap": 371086870,
    "xid": "5162749",
    "priceChangeFiveDayPercent": -4.635761589403978,
    "isRecentListing": false,
    "priceAsk": 0.725,
    "priceBid": 0.71,
    "priceChange": 0.0050000000000000044,
    "priceChangePercent": 0.6993006993006999,
    "priceLast": 0.72,
    "sector": "Industrials",
    "industryGroup": "Capital Goods",
    "securityType": 1,
    "volume": 406355,
    "statusCode": "",
    "isin": "AU000000EHL7",
    "priceClose": 0.715,
    "priceDayHigh": 0.725,
    "priceDayLow": 0.71,
    "priceFiftyTwoWeekHigh": 1.08,
    "priceFiftyTwoWeekLow": 0.65,
    "volumeAverage": 806342.967033,
    "dateExDate": "2022-09-08",
    "datePayDate": "2022-09-30",
    "dateRecordDate": "2022-09-09",
    "dividend": 0.0125,
    "dividendType": "F",
    "frankingPercent": 100,
    "cashFlow": 37.246,
    "earningsPerShare": 0.12046,
    "freeCashFlowYield": 0.5238509329785117,
    "priceEarningsRatio": 5.93558,
    "priceToCash": 1.90894,
    "foreignExempt": false,
    "shareDescription": "Ordinary Fully Paid",
    "numOfShares": 519002615,
    "yieldAnnual": 3.4722222222222223,
    "incomeStatement": [
      {
        "revenue": 754368000,
        "netIncome": 64953000,
        "period": "2022A",
        "fPeriodEndDate": 44742,
        "curCode": "AUD"
      },
      {
        "revenue": 620528000,
        "netIncome": 20695000,
        "period": "2021A",
        "fPeriodEndDate": 44377,
        "curCode": "AUD"
      },
      {
        "revenue": 540429000,
        "netIncome": 66129000,
        "period": "2020A",
        "fPeriodEndDate": 44012,
        "curCode": "AUD"
      },
      {
        "revenue": 464486000,
        "netIncome": 33961000,
        "period": "2019A",
        "fPeriodEndDate": 43646,
        "curCode": "AUD"
      }
    ]
  },
  {
    "symbol": "EGY",
    "displayName": "ENERGY TECHNOLOGIES LIMITED",
    "industry": "Capital Goods",
    "dateListed": "1992-10-22",
    "marketCap": 16336513,
    "xid": "93673",
    "priceChangeFiveDayPercent": 0,
    "isRecentListing": false,
    "priceAsk": 0.064,
    "priceBid": 0.055,
    "priceChange": 0,
    "priceChangePercent": 0,
    "priceLast": 0.06,
    "sector": "Industrials",
    "industryGroup": "Capital Goods",
    "securityType": 1,
    "volume": 0,
    "statusCode": "",
    "isin": "AU000000EGY2",
    "priceClose": 0.06,
    "priceFiftyTwoWeekHigh": 0.105,
    "priceFiftyTwoWeekLow": 0.05,
    "volumeAverage": 44773.939394,
    "cashFlow": -9.03207,
    "earningsPerShare": -0.03702,
    "freeCashFlowYield": -0.0000100000010000001,
    "priceEarningsRatio": -99999.99,
    "priceToCash": -99999.99,
    "foreignExempt": false,
    "shareDescription": "Ordinary Fully Paid",
    "numOfShares": 272275214,
    "yieldAnnual": 0,
    "incomeStatement": [
      {
        "revenue": 12860140,
        "netIncome": -8731760,
        "period": "2022A",
        "fPeriodEndDate": 44742,
        "curCode": "AUD"
      },
      {
        "revenue": 9800410,
        "netIncome": -5341190,
        "period": "2021A",
        "fPeriodEndDate": 44377,
        "curCode": "AUD"
      },
      {
        "revenue": 10373590,
        "netIncome": -4402220,
        "period": "2020A",
        "fPeriodEndDate": 44012,
        "curCode": "AUD"
      },
      {
        "revenue": 12662780,
        "netIncome": 1403560,
        "period": "2019A",
        "fPeriodEndDate": 43646,
        "curCode": "AUD"
      }
    ]
  },
  {
    "symbol": "EGN",
    "displayName": "ENGENCO LIMITED",
    "industry": "Capital Goods",
    "dateListed": "2006-12-14",
    "marketCap": 146777369,
    "xid": "6087208",
    "priceChangeFiveDayPercent": 13.414634146341477,
    "isRecentListing": false,
    "priceAsk": 0.47500000000000003,
    "priceBid": 0.41000000000000003,
    "priceChange": 0,
    "priceChangePercent": 0,
    "priceLast": 0.465,
    "sector": "Industrials",
    "industryGroup": "Capital Goods",
    "securityType": 1,
    "volume": 0,
    "statusCode": "",
    "isin": "AU000000EGN5",
    "priceClose": 0.465,
    "priceFiftyTwoWeekHigh": 0.595,
    "priceFiftyTwoWeekLow": 0.4,
    "volumeAverage": 9311,
    "dateExDate": "2022-09-06",
    "datePayDate": "2022-09-27",
    "dateRecordDate": "2022-09-07",
    "dividend": 0.015,
    "dividendType": "F",
    "frankingPercent": 64,
    "cashFlow": 0.519,
    "earningsPerShare": 0.01796,
    "freeCashFlowYield": 0.09181261046204697,
    "priceEarningsRatio": 25.89087,
    "priceToCash": 10.89175,
    "foreignExempt": false,
    "shareDescription": "Ordinary Fully Paid",
    "numOfShares": 315650256,
    "yieldAnnual": 4.301075268817204,
    "incomeStatement": [
      {
        "revenue": 188642000,
        "netIncome": 5667000,
        "period": "2022A",
        "fPeriodEndDate": 44742,
        "curCode": "AUD"
      },
      {
        "revenue": 165593000,
        "netIncome": 11961000,
        "period": "2021A",
        "fPeriodEndDate": 44377,
        "curCode": "AUD"
      },
      {
        "revenue": 178063000,
        "netIncome": 13423000,
        "period": "2020A",
        "fPeriodEndDate": 44012,
        "curCode": "AUD"
      },
      {
        "revenue": 174850000,
        "netIncome": 14227000,
        "period": "2019A",
        "fPeriodEndDate": 43646,
        "curCode": "AUD"
      }
    ]
  },
  {
    "symbol": "EGL",
    "displayName": "ENVIRONMENTAL GROUP LIMITED (THE)",
    "industry": "Capital Goods",
    "dateListed": "1981-02-12",
    "marketCap": 61307101,
    "xid": "96660",
    "priceChangeFiveDayPercent": 2.7777777777777803,
    "isRecentListing": false,
    "priceAsk": 0.195,
    "priceBid": 0.185,
    "priceChange": -0.0050000000000000044,
    "priceChangePercent": -2.6315789473684235,
    "priceLast": 0.185,
    "sector": "Industrials",
    "industryGroup": "Capital Goods",
    "securityType": 1,
    "volume": 58235,
    "statusCode": "",
    "isin": "AU000000EGL9",
    "priceClose": 0.19,
    "priceDayHigh": 0.19,
    "priceDayLow": 0.185,
    "priceFiftyTwoWeekHigh": 0.38,
    "priceFiftyTwoWeekLow": 0.15,
    "volumeAverage": 146600.011111,
    "dateExDate": "2019-09-20",
    "datePayDate": "2019-10-07",
    "dateRecordDate": "2019-09-23",
    "dividend": 0.0006,
    "dividendType": "F",
    "frankingPercent": 100,
    "cashFlow": -0.29776,
    "earningsPerShare": 0.00526,
    "freeCashFlowYield": 0.0479029295036538,
    "priceEarningsRatio": 36.12167,
    "priceToCash": 20.87555,
    "foreignExempt": false,
    "shareDescription": "Ordinary Fully Paid",
    "numOfShares": 322668953,
    "yieldAnnual": 0,
    "incomeStatement": [
      {
        "revenue": 57065290,
        "netIncome": 1553660,
        "period": "2022A",
        "fPeriodEndDate": 44742,
        "curCode": "AUD"
      },
      {
        "revenue": 46570670,
        "netIncome": 1575740,
        "period": "2021A",
        "fPeriodEndDate": 44377,
        "curCode": "AUD"
      },
      {
        "revenue": 37425750,
        "netIncome": -1315680,
        "period": "2020A",
        "fPeriodEndDate": 44012,
        "curCode": "AUD"
      },
      {
        "revenue": 33003120,
        "netIncome": 778080,
        "period": "2019A",
        "fPeriodEndDate": 43646,
        "curCode": "AUD"
      }
    ]
  },
  {
    "symbol": "EVZ",
    "displayName": "EVZ LIMITED",
    "industry": "Capital Goods",
    "dateListed": "1985-04-26",
    "marketCap": 21626265,
    "xid": "103324",
    "priceChangeFiveDayPercent": -5.4054054054053955,
    "isRecentListing": false,
    "priceAsk": 0.17500000000000002,
    "priceBid": 0.17,
    "priceChange": -0.004999999999999977,
    "priceChangePercent": -2.777777777777765,
    "priceLast": 0.17500000000000002,
    "sector": "Industrials",
    "industryGroup": "Capital Goods",
    "securityType": 1,
    "volume": 4000,
    "statusCode": "",
    "isin": "AU000000EVZ8",
    "priceClose": 0.18,
    "priceDayHigh": 0.17500000000000002,
    "priceDayLow": 0.17500000000000002,
    "priceFiftyTwoWeekHigh": 0.21,
    "priceFiftyTwoWeekLow": 0.12,
    "volumeAverage": 51953.641509,
    "dateExDate": "2010-03-17",
    "datePayDate": "2010-04-15",
    "dateRecordDate": "2010-03-23",
    "dividend": 0.0025,
    "dividendType": "I",
    "frankingPercent": 100,
    "cashFlow": 2.96352,
    "earningsPerShare": 0.00882,
    "freeCashFlowYield": 0.057286367677656484,
    "priceEarningsRatio": 20.40816,
    "priceToCash": 17.45616,
    "foreignExempt": false,
    "shareDescription": "Ordinary Fully Paid",
    "numOfShares": 120145917,
    "yieldAnnual": 0,
    "incomeStatement": [
      {
        "revenue": 67506920,
        "netIncome": 894680,
        "period": "2022A",
        "fPeriodEndDate": 44742,
        "curCode": "AUD"
      },
      {
        "revenue": 57852130,
        "netIncome": 3403150,
        "period": "2021A",
        "fPeriodEndDate": 44377,
        "curCode": "AUD"
      },
      {
        "revenue": 66224710,
        "netIncome": -2751440,
        "period": "2020A",
        "fPeriodEndDate": 44012,
        "curCode": "AUD"
      },
      {
        "revenue": 78042290,
        "netIncome": 1624980,
        "period": "2019A",
        "fPeriodEndDate": 43646,
        "curCode": "AUD"
      }
    ]
  },
  {
    "symbol": "ECL",
    "displayName": "EXCELSIOR CAPITAL LTD",
    "industry": "Capital Goods",
    "dateListed": "1993-04-22",
    "marketCap": 57988938,
    "xid": "77578",
    "priceChangeFiveDayPercent": -4.761904761904766,
    "isRecentListing": false,
    "priceAsk": 2.1,
    "priceBid": 2,
    "priceChange": 0,
    "priceChangePercent": 0,
    "priceLast": 2,
    "securityType": 1,
    "volume": 0,
    "statusCode": "",
    "isin": "AU0000037889",
    "priceClose": 2,
    "priceFiftyTwoWeekHigh": 2.28,
    "priceFiftyTwoWeekLow": 1.46,
    "volumeAverage": 11392.813953,
    "dateExDate": "2022-09-05",
    "datePayDate": "2022-09-26",
    "dateRecordDate": "2022-09-06",
    "dividend": 0.03,
    "dividendType": "F",
    "frankingPercent": 100,
    "cashFlow": 4.19,
    "earningsPerShare": 0.27592,
    "freeCashFlowYield": 0.16618528329605245,
    "priceEarningsRatio": 7.24848,
    "priceToCash": 6.01738,
    "foreignExempt": false,
    "shareDescription": "Ordinary Fully Paid",
    "numOfShares": 28994469,
    "yieldAnnual": 2.5,
    "incomeStatement": [
      {
        "revenue": 93546000,
        "netIncome": 8000000,
        "period": "2022A",
        "fPeriodEndDate": 44742,
        "curCode": "AUD"
      },
      {
        "revenue": 75213000,
        "netIncome": 5173000,
        "period": "2021A",
        "fPeriodEndDate": 44377,
        "curCode": "AUD"
      },
      {
        "revenue": 59395000,
        "netIncome": 3679000,
        "period": "2020A",
        "fPeriodEndDate": 44012,
        "curCode": "AUD"
      },
      {
        "revenue": 59241000,
        "netIncome": 4253000,
        "period": "2019A",
        "fPeriodEndDate": 43646,
        "curCode": "AUD"
      }
    ]
  },
  {
    "symbol": "FBR",
    "displayName": "FBR LTD",
    "industry": "Capital Goods",
    "dateListed": "2001-02-08",
    "marketCap": 143612403,
    "xid": "302385793",
    "priceChangeFiveDayPercent": 4.651162790697679,
    "isRecentListing": false,
    "priceAsk": 0.045,
    "priceBid": 0.042,
    "priceChange": 0.001999999999999995,
    "priceChangePercent": 4.651162790697662,
    "priceLast": 0.045,
    "sector": "Industrials",
    "industryGroup": "Capital Goods",
    "securityType": 1,
    "volume": 4703095,
    "statusCode": "",
    "isin": "AU000000FBR4",
    "priceClose": 0.043000000000000003,
    "priceDayHigh": 0.045,
    "priceDayLow": 0.037,
    "priceFiftyTwoWeekHigh": 0.057,
    "priceFiftyTwoWeekLow": 0.017,
    "volumeAverage": 4217797.566667,
    "cashFlow": -18.61907,
    "earningsPerShare": -0.00853,
    "freeCashFlowYield": -0.0000100000010000001,
    "priceEarningsRatio": -99999.99,
    "priceToCash": -99999.99,
    "foreignExempt": false,
    "shareDescription": "Ordinary Fully Paid",
    "numOfShares": 3339823314,
    "yieldAnnual": 0,
    "incomeStatement": [
      {
        "revenue": 791670,
        "netIncome": -19978660,
        "period": "2022A",
        "fPeriodEndDate": 44742,
        "curCode": "AUD"
      },
      {
        "revenue": 130020,
        "netIncome": -9333020,
        "period": "2021A",
        "fPeriodEndDate": 44377,
        "curCode": "AUD"
      },
      {
        "revenue": 115630,
        "netIncome": -10996780,
        "period": "2020A",
        "fPeriodEndDate": 44012,
        "curCode": "AUD"
      },
      {
        "revenue": 421490,
        "netIncome": -9141550,
        "period": "2019A",
        "fPeriodEndDate": 43646,
        "curCode": "AUD"
      }
    ]
  },
  {
    "symbol": "FLC",
    "displayName": "FLUENCE CORPORATION LIMITED",
    "industry": "Capital Goods",
    "dateListed": "2007-12-18",
    "marketCap": 117099726,
    "xid": "9678116",
    "priceChangeFiveDayPercent": -2.857142857142844,
    "isRecentListing": false,
    "priceAsk": 0.18,
    "priceBid": 0.17,
    "priceChange": -0.009999999999999981,
    "priceChangePercent": -5.555555555555546,
    "priceLast": 0.17,
    "sector": "Industrials",
    "industryGroup": "Capital Goods",
    "securityType": 1,
    "volume": 30754,
    "statusCode": "",
    "isin": "AU000000FLC5",
    "priceClose": 0.18,
    "priceDayHigh": 0.17500000000000002,
    "priceDayLow": 0.17,
    "priceFiftyTwoWeekHigh": 0.29,
    "priceFiftyTwoWeekLow": 0.15,
    "volumeAverage": 200135.235955,
    "cashFlow": -21.81257,
    "earningsPerShare": -0.01651,
    "freeCashFlowYield": -0.0000100000010000001,
    "priceEarningsRatio": -99999.99,
    "priceToCash": -99999.99,
    "foreignExempt": false,
    "shareDescription": "Ordinary Fully Paid",
    "numOfShares": 650554034,
    "yieldAnnual": 0,
    "incomeStatement": [
      {
        "revenue": 103315000,
        "netIncome": -14702000,
        "period": "2021A",
        "fPeriodEndDate": 44561,
        "curCode": "USD"
      },
      {
        "revenue": 90067000,
        "netIncome": -17016000,
        "period": "2020A",
        "fPeriodEndDate": 44196,
        "curCode": "USD"
      },
      {
        "revenue": 60180000,
        "netIncome": -31434000,
        "period": "2019A",
        "fPeriodEndDate": 43830,
        "curCode": "USD"
      },
      {
        "revenue": 101123000,
        "netIncome": -63757000,
        "period": "2018A",
        "fPeriodEndDate": 43465,
        "curCode": "USD"
      }
    ]
  },
  {
    "symbol": "FOS",
    "displayName": "FOS CAPITAL LTD",
    "industry": "Capital Goods",
    "dateListed": "2021-06-07",
    "marketCap": 10297197,
    "xid": "656791187",
    "priceChangeFiveDayPercent": 5.263157894736847,
    "isRecentListing": false,
    "priceAsk": 0.2,
    "priceBid": 0.195,
    "priceChange": 0.0050000000000000044,
    "priceChangePercent": 2.564102564102566,
    "priceLast": 0.2,
    "sector": "Industrials",
    "industryGroup": "Capital Goods",
    "securityType": 1,
    "volume": 3200,
    "statusCode": "",
    "isin": "AU0000149312",
    "priceClose": 0.195,
    "priceDayHigh": 0.2,
    "priceDayLow": 0.2,
    "priceFiftyTwoWeekHigh": 0.28,
    "priceFiftyTwoWeekLow": 0.17,
    "volumeAverage": 31157.707317,
    "dateExDate": "2022-09-13",
    "datePayDate": "2022-10-24",
    "dateRecordDate": "2022-09-14",
    "dividend": 0.005,
    "dividendType": "F",
    "frankingPercent": 100,
    "cashFlow": 0.60917,
    "earningsPerShare": 0.00763,
    "freeCashFlowYield": 0.21316371186234742,
    "priceEarningsRatio": 25.55701,
    "priceToCash": 4.69123,
    "foreignExempt": false,
    "shareDescription": "Ordinary Fully Paid",
    "numOfShares": 52806139,
    "yieldAnnual": 0,
    "incomeStatement": [
      {
        "revenue": 13506900,
        "netIncome": 348940,
        "period": "2022A",
        "fPeriodEndDate": 44742,
        "curCode": "AUD"
      },
      {
        "revenue": 8156920,
        "netIncome": 742110,
        "period": "2021A",
        "fPeriodEndDate": 44377,
        "curCode": "AUD"
      },
      {
        "revenue": 5543210,
        "netIncome": 123070,
        "period": "2020A",
        "fPeriodEndDate": 44012,
        "curCode": "AUD"
      },
      {
        "revenue": 4250560,
        "netIncome": 304790,
        "period": "2019A",
        "fPeriodEndDate": 43646,
        "curCode": "AUD"
      }
    ]
  },
  {
    "symbol": "GNP",
    "displayName": "GENUSPLUS GROUP LTD",
    "industry": "Capital Goods",
    "dateListed": "2020-12-14",
    "marketCap": 174984896,
    "xid": "628745620",
    "priceChangeFiveDayPercent": -1.0000000000000009,
    "isRecentListing": false,
    "priceAsk": 0.99,
    "priceBid": 0.985,
    "priceChange": 0,
    "priceChangePercent": 0,
    "priceLast": 0.99,
    "sector": "Industrials",
    "industryGroup": "Capital Goods",
    "securityType": 1,
    "volume": 196276,
    "statusCode": "XD",
    "isin": "AU0000117160",
    "priceClose": 0.99,
    "priceDayHigh": 0.995,
    "priceDayLow": 0.99,
    "priceFiftyTwoWeekHigh": 1.45,
    "priceFiftyTwoWeekLow": 0.8475,
    "volumeAverage": 39188.121951,
    "dateExDate": "2022-10-27",
    "datePayDate": "2022-11-30",
    "dateRecordDate": "2022-10-28",
    "dividend": 0.018,
    "dividendType": "F",
    "frankingPercent": 100,
    "cashFlow": 6.59426,
    "earningsPerShare": 0.08492,
    "freeCashFlowYield": 0.14548925125411738,
    "priceEarningsRatio": 11.65803,
    "priceToCash": 6.87336,
    "foreignExempt": false,
    "shareDescription": "Ordinary Fully Paid",
    "numOfShares": 176752420,
    "yieldAnnual": 0,
    "incomeStatement": [
      {
        "revenue": 450936670,
        "netIncome": 13556480,
        "period": "2022A",
        "fPeriodEndDate": 44742,
        "curCode": "AUD"
      },
      {
        "revenue": 318207500,
        "netIncome": 13348770,
        "period": "2021A",
        "fPeriodEndDate": 44377,
        "curCode": "AUD"
      },
      {
        "revenue": 169955740,
        "netIncome": 10689640,
        "period": "2020A",
        "fPeriodEndDate": 44012,
        "curCode": "AUD"
      },
      {
        "revenue": 99166630,
        "netIncome": 6012740,
        "period": "2019A",
        "fPeriodEndDate": 43646,
        "curCode": "AUD"
      }
    ]
  },
  {
    "symbol": "GWA",
    "displayName": "GWA GROUP LIMITED.",
    "industry": "Capital Goods",
    "dateListed": "1993-05-20",
    "marketCap": 580799197,
    "xid": "143461",
    "priceChangeFiveDayPercent": 5.8823529411764754,
    "isRecentListing": false,
    "priceAsk": 2.2,
    "priceBid": 2.12,
    "priceChange": -0.029999999999999805,
    "priceChangePercent": -1.3698630136986212,
    "priceLast": 2.16,
    "sector": "Industrials",
    "industryGroup": "Capital Goods",
    "securityType": 1,
    "volume": 503801,
    "statusCode": "",
    "isin": "AU000000GWA4",
    "priceClose": 2.19,
    "priceDayHigh": 2.19,
    "priceDayLow": 2.12,
    "priceFiftyTwoWeekHigh": 2.86,
    "priceFiftyTwoWeekLow": 1.76,
    "volumeAverage": 209369.923077,
    "dateExDate": "2022-08-19",
    "datePayDate": "2022-09-06",
    "dateRecordDate": "2022-08-22",
    "dividend": 0.08,
    "dividendType": "F",
    "frankingPercent": 100,
    "cashFlow": -24.222,
    "earningsPerShare": 0.13189,
    "freeCashFlowYield": 0.09505351037366486,
    "priceEarningsRatio": 16.60475,
    "priceToCash": 10.52039,
    "foreignExempt": false,
    "shareDescription": "Ordinary Fully Paid",
    "numOfShares": 265205113,
    "yieldAnnual": 6.944444444444445,
    "incomeStatement": [
      {
        "revenue": 418717000,
        "netIncome": 35179000,
        "period": "2022A",
        "fPeriodEndDate": 44742,
        "curCode": "AUD"
      },
      {
        "revenue": 405736000,
        "netIncome": 35056000,
        "period": "2021A",
        "fPeriodEndDate": 44377,
        "curCode": "AUD"
      },
      {
        "revenue": 398704000,
        "netIncome": 43886000,
        "period": "2020A",
        "fPeriodEndDate": 44012,
        "curCode": "AUD"
      },
      {
        "revenue": 381730000,
        "netIncome": 94044000,
        "period": "2019A",
        "fPeriodEndDate": 43646,
        "curCode": "AUD"
      }
    ]
  },
  {
    "symbol": "HNG",
    "displayName": "HANCOCK & GORE LTD",
    "industry": "Capital Goods",
    "dateListed": "1971-08-24",
    "marketCap": 64228263,
    "xid": "148163",
    "priceChangeFiveDayPercent": -1.6949152542372898,
    "isRecentListing": false,
    "priceAsk": 0.3,
    "priceBid": 0.295,
    "priceChange": 0.004999999999999949,
    "priceChangePercent": 1.7543859649122626,
    "priceLast": 0.29,
    "sector": "Industrials",
    "industryGroup": "Capital Goods",
    "securityType": 1,
    "volume": 10000,
    "statusCode": "",
    "isin": "AU000000HNG8",
    "priceClose": 0.28500000000000003,
    "priceDayHigh": 0.29,
    "priceDayLow": 0.29,
    "priceFiftyTwoWeekHigh": 0.48,
    "priceFiftyTwoWeekLow": 0.235,
    "volumeAverage": 48425.985075,
    "dateExDate": "2022-09-20",
    "datePayDate": "2022-09-30",
    "dateRecordDate": "2022-09-21",
    "dividend": 0.01,
    "dividendType": "I",
    "frankingPercent": 100,
    "cashFlow": -3.038,
    "earningsPerShare": 0.03985,
    "freeCashFlowYield": 0.10353692489120858,
    "priceEarningsRatio": 7.15182,
    "priceToCash": 9.65839,
    "foreignExempt": false,
    "shareDescription": "Ordinary Fully Paid",
    "numOfShares": 225362325,
    "yieldAnnual": 6.8965517241379315,
    "incomeStatement": [
      {
        "revenue": 14261000,
        "netIncome": 15599000,
        "period": "2021A",
        "fPeriodEndDate": 44469,
        "curCode": "AUD"
      },
      {
        "revenue": 38100000,
        "netIncome": -13011000,
        "period": "2020A",
        "fPeriodEndDate": 44104,
        "curCode": "AUD"
      },
      {
        "revenue": 39254000,
        "netIncome": 1145000,
        "period": "2019A",
        "fPeriodEndDate": 43738,
        "curCode": "AUD"
      },
      {
        "revenue": 43393000,
        "netIncome": 620000,
        "period": "2018A",
        "fPeriodEndDate": 43373,
        "curCode": "AUD"
      }
    ]
  },
  {
    "symbol": "IG6",
    "displayName": "INTERNATIONAL GRAPHITE LIMITED",
    "industry": "Capital Goods",
    "dateListed": "2022-04-07",
    "marketCap": 49547499,
    "xid": "710467349",
    "priceChangeFiveDayPercent": -9.230769230769239,
    "isRecentListing": false,
    "priceAsk": 0.295,
    "priceBid": 0.29,
    "priceChange": -0.0050000000000000044,
    "priceChangePercent": -1.6666666666666683,
    "priceLast": 0.295,
    "sector": "Industrials",
    "industryGroup": "Capital Goods",
    "securityType": 1,
    "volume": 358339,
    "statusCode": "",
    "isin": "AU0000210957",
    "priceClose": 0.3,
    "priceDayHigh": 0.31,
    "priceDayLow": 0.29,
    "priceFiftyTwoWeekHigh": 0.475,
    "priceFiftyTwoWeekLow": 0.235,
    "volumeAverage": 256066.263736,
    "cashFlow": -2.3068,
    "earningsPerShare": -0.0692,
    "freeCashFlowYield": -0.0000100000010000001,
    "priceEarningsRatio": -99999.99,
    "priceToCash": -99999.99,
    "foreignExempt": false,
    "shareDescription": "Ordinary Fully Paid",
    "numOfShares": 165158330,
    "yieldAnnual": 0,
    "incomeStatement": [
      {
        "revenue": 4530,
        "netIncome": -2055940,
        "period": "2022A",
        "fPeriodEndDate": 44742,
        "curCode": "AUD"
      },
      {
        "revenue": 100,
        "netIncome": -2092720,
        "period": "2021A",
        "fPeriodEndDate": 44377,
        "curCode": "AUD"
      },
      {
        "revenue": 162180,
        "netIncome": -1440470,
        "period": "2020A",
        "fPeriodEndDate": 44012,
        "curCode": "AUD"
      },
      {
        "revenue": 146760,
        "netIncome": -975700,
        "period": "2019A",
        "fPeriodEndDate": 43646,
        "curCode": "AUD"
      }
    ]
  },
  {
    "symbol": "IPG",
    "displayName": "IPD GROUP LTD",
    "industry": "Capital Goods",
    "dateListed": "2021-12-17",
    "marketCap": 249597156,
    "xid": "690487751",
    "priceChangeFiveDayPercent": 15.537848605577697,
    "isRecentListing": false,
    "priceAsk": 2.9,
    "priceBid": 2.86,
    "priceChange": 0.009999999999999787,
    "priceChangePercent": 0.34602076124566733,
    "priceLast": 2.9,
    "sector": "Industrials",
    "industryGroup": "Capital Goods",
    "securityType": 1,
    "volume": 58363,
    "upcomingEventName": "IPD Group AGM",
    "statusCode": "",
    "isin": "AU0000189318",
    "priceClose": 2.89,
    "priceDayHigh": 2.92,
    "priceDayLow": 2.86,
    "priceFiftyTwoWeekHigh": 2.92,
    "priceFiftyTwoWeekLow": 1.02,
    "volumeAverage": 46370.388889,
    "dateExDate": "2022-09-19",
    "datePayDate": "2022-10-03",
    "dateRecordDate": "2022-09-20",
    "dividend": 0.037,
    "dividendType": "F",
    "frankingPercent": 100,
    "cashFlow": -0.112,
    "earningsPerShare": 0.12881,
    "freeCashFlowYield": 0.05893898047351578,
    "priceEarningsRatio": 22.43615,
    "priceToCash": 16.9667,
    "foreignExempt": false,
    "shareDescription": "Ordinary Fully Paid",
    "numOfShares": 86365798,
    "yieldAnnual": 0,
    "incomeStatement": [
      {
        "revenue": 176781000,
        "netIncome": 11115000,
        "period": "2022A",
        "fPeriodEndDate": 44742,
        "curCode": "AUD"
      },
      {
        "revenue": 118095000,
        "netIncome": 6508000,
        "period": "2021A",
        "fPeriodEndDate": 44377,
        "curCode": "AUD"
      },
      {
        "revenue": 87530000,
        "netIncome": 3975000,
        "period": "2020A",
        "fPeriodEndDate": 44012,
        "curCode": "AUD"
      },
      {
        "revenue": 75766000,
        "netIncome": -224000,
        "period": "2019A",
        "fPeriodEndDate": 43646,
        "curCode": "AUD"
      }
    ]
  },
  {
    "symbol": "JLG",
    "displayName": "JOHNS LYNG GROUP LIMITED",
    "industry": "Capital Goods",
    "dateListed": "2017-10-26",
    "marketCap": 1882976030,
    "xid": "432204467",
    "priceChangeFiveDayPercent": 2.000000000000008,
    "isRecentListing": false,
    "priceAsk": 7.15,
    "priceBid": 7.09,
    "priceChange": -0.0699999999999994,
    "priceChangePercent": -0.9708737864077586,
    "priceLast": 7.140000000000001,
    "sector": "Industrials",
    "industryGroup": "Capital Goods",
    "securityType": 1,
    "volume": 430090,
    "statusCode": "",
    "isin": "AU000000JLG8",
    "priceClose": 7.21,
    "priceDayHigh": 7.32,
    "priceDayLow": 7.11,
    "priceFiftyTwoWeekHigh": 9.37,
    "priceFiftyTwoWeekLow": 4.81,
    "volumeAverage": 911838.230769,
    "dateExDate": "2022-09-01",
    "datePayDate": "2022-09-19",
    "dateRecordDate": "2022-09-02",
    "dividend": 0.03,
    "dividendType": "F",
    "frankingPercent": 100,
    "cashFlow": 4.523,
    "earningsPerShare": 0.10298,
    "freeCashFlowYield": 0.02844751930519779,
    "priceEarningsRatio": 70.01359,
    "priceToCash": 35.15245,
    "foreignExempt": false,
    "shareDescription": "Ordinary Fully Paid",
    "numOfShares": 261161724,
    "yieldAnnual": 0,
    "incomeStatement": [
      {
        "revenue": 898617000,
        "netIncome": 25116000,
        "period": "2022A",
        "fPeriodEndDate": 44742,
        "curCode": "AUD"
      },
      {
        "revenue": 571837000,
        "netIncome": 18560000,
        "period": "2021A",
        "fPeriodEndDate": 44377,
        "curCode": "AUD"
      },
      {
        "revenue": 497158000,
        "netIncome": 15850000,
        "period": "2020A",
        "fPeriodEndDate": 44012,
        "curCode": "AUD"
      },
      {
        "revenue": 336472000,
        "netIncome": 13433000,
        "period": "2019A",
        "fPeriodEndDate": 43646,
        "curCode": "AUD"
      }
    ]
  },
  {
    "symbol": "KTG",
    "displayName": "K-TIG LIMITED",
    "industry": "Capital Goods",
    "dateListed": "2012-11-01",
    "marketCap": 17567792,
    "xid": "49565717",
    "priceChangeFiveDayPercent": -19.16666666666666,
    "isRecentListing": false,
    "priceAsk": 0.105,
    "priceBid": 0.097,
    "priceChange": 0,
    "priceChangePercent": 0,
    "priceLast": 0.097,
    "sector": "Industrials",
    "industryGroup": "Capital Goods",
    "securityType": 1,
    "volume": 350068,
    "statusCode": "",
    "isin": "AU0000059644",
    "priceClose": 0.097,
    "priceDayHigh": 0.105,
    "priceDayLow": 0.097,
    "priceFiftyTwoWeekHigh": 0.455,
    "priceFiftyTwoWeekLow": 0.097,
    "volumeAverage": 251437.247191,
    "cashFlow": -4.83755,
    "earningsPerShare": -0.03439,
    "freeCashFlowYield": -0.0000100000010000001,
    "priceEarningsRatio": -99999.99,
    "priceToCash": -99999.99,
    "foreignExempt": false,
    "shareDescription": "Ordinary Fully Paid",
    "numOfShares": 181111261,
    "yieldAnnual": 0,
    "incomeStatement": [
      {
        "revenue": 3703200,
        "netIncome": -5962660,
        "period": "2022A",
        "fPeriodEndDate": 44742,
        "curCode": "AUD"
      },
      {
        "revenue": 1647860,
        "netIncome": -4482670,
        "period": "2021A",
        "fPeriodEndDate": 44377,
        "curCode": "AUD"
      },
      {
        "revenue": 481300,
        "netIncome": -8411830,
        "period": "2020A",
        "fPeriodEndDate": 44012,
        "curCode": "AUD"
      },
      {
        "revenue": 0,
        "netIncome": -589000,
        "period": "2019A",
        "fPeriodEndDate": 43646,
        "curCode": "AUD"
      }
    ]
  },
  {
    "symbol": "KOV",
    "displayName": "KORVEST LTD",
    "industry": "Capital Goods",
    "dateListed": "1970-09-17",
    "marketCap": 89413768,
    "xid": "179164",
    "priceChangeFiveDayPercent": -1.8867924528301931,
    "isRecentListing": false,
    "priceAsk": 7.8,
    "priceBid": 7.76,
    "priceChange": 0.0699999999999994,
    "priceChangePercent": 0.9055627425614411,
    "priceLast": 7.8,
    "sector": "Industrials",
    "industryGroup": "Capital Goods",
    "securityType": 1,
    "volume": 6125,
    "statusCode": "",
    "isin": "AU000000KOV9",
    "priceClose": 7.73,
    "priceDayHigh": 7.8500000000000005,
    "priceDayLow": 7.75,
    "priceFiftyTwoWeekHigh": 8.32,
    "priceFiftyTwoWeekLow": 6.13,
    "volumeAverage": 8247.619048,
    "dateExDate": "2022-08-18",
    "datePayDate": "2022-09-02",
    "dateRecordDate": "2022-08-19",
    "dividend": 0.35,
    "dividendType": "F",
    "frankingPercent": 100,
    "cashFlow": -3.275,
    "earningsPerShare": 0.9781,
    "freeCashFlowYield": 0.15089397133316335,
    "priceEarningsRatio": 7.90308,
    "priceToCash": 6.62717,
    "foreignExempt": false,
    "shareDescription": "Ordinary Fully Paid",
    "numOfShares": 11567111,
    "yieldAnnual": 7.6923076923076925,
    "incomeStatement": [
      {
        "revenue": 99223000,
        "netIncome": 11336000,
        "period": "2022A",
        "fPeriodEndDate": 44742,
        "curCode": "AUD"
      },
      {
        "revenue": 69786000,
        "netIncome": 6054000,
        "period": "2021A",
        "fPeriodEndDate": 44377,
        "curCode": "AUD"
      },
      {
        "revenue": 63088000,
        "netIncome": 4027000,
        "period": "2020A",
        "fPeriodEndDate": 44012,
        "curCode": "AUD"
      },
      {
        "revenue": 60843000,
        "netIncome": 2885000,
        "period": "2019A",
        "fPeriodEndDate": 43646,
        "curCode": "AUD"
      }
    ]
  },
  {
    "symbol": "LBL",
    "displayName": "LASERBOND LIMITED",
    "industry": "Capital Goods",
    "dateListed": "2007-12-17",
    "marketCap": 93173297,
    "xid": "8800760",
    "priceChangeFiveDayPercent": 0,
    "isRecentListing": false,
    "priceAsk": 0.875,
    "priceBid": 0.85,
    "priceChange": 0.025000000000000022,
    "priceChangePercent": 2.941176470588238,
    "priceLast": 0.875,
    "sector": "Industrials",
    "industryGroup": "Capital Goods",
    "securityType": 1,
    "volume": 15241,
    "statusCode": "",
    "isin": "AU000000LBL5",
    "priceClose": 0.85,
    "priceDayHigh": 0.875,
    "priceDayLow": 0.85,
    "priceFiftyTwoWeekHigh": 0.99,
    "priceFiftyTwoWeekLow": 0.64,
    "volumeAverage": 31256.5,
    "dateExDate": "2022-09-08",
    "datePayDate": "2022-10-07",
    "dateRecordDate": "2022-09-09",
    "dividend": 0.008,
    "dividendType": "F",
    "frankingPercent": 100,
    "cashFlow": 1.4369,
    "earningsPerShare": 0.03302,
    "freeCashFlowYield": 0.07009466986111443,
    "priceEarningsRatio": 25.74197,
    "priceToCash": 14.26642,
    "foreignExempt": false,
    "shareDescription": "Ordinary Fully Paid",
    "numOfShares": 109615643,
    "yieldAnnual": 1.6,
    "incomeStatement": [
      {
        "revenue": 30711120,
        "netIncome": 3628750,
        "period": "2022A",
        "fPeriodEndDate": 44742,
        "curCode": "AUD"
      },
      {
        "revenue": 24664450,
        "netIncome": 2838110,
        "period": "2021A",
        "fPeriodEndDate": 44377,
        "curCode": "AUD"
      },
      {
        "revenue": 22177260,
        "netIncome": 2805060,
        "period": "2020A",
        "fPeriodEndDate": 44012,
        "curCode": "AUD"
      },
      {
        "revenue": 22667200,
        "netIncome": 2809400,
        "period": "2019A",
        "fPeriodEndDate": 43646,
        "curCode": "AUD"
      }
    ]
  },
  {
    "symbol": "LIS",
    "displayName": "LI-S ENERGY LIMITED",
    "industry": "Capital Goods",
    "dateListed": "2021-09-28",
    "marketCap": 256080092,
    "xid": "671834797",
    "priceChangeFiveDayPercent": 0,
    "isRecentListing": false,
    "priceAsk": 0.405,
    "priceBid": 0.385,
    "priceChange": -0.010000000000000009,
    "priceChangePercent": -2.500000000000002,
    "priceLast": 0.39,
    "sector": "Industrials",
    "industryGroup": "Capital Goods",
    "securityType": 1,
    "volume": 125282,
    "statusCode": "",
    "isin": "AU0000166597",
    "priceClose": 0.4,
    "priceDayHigh": 0.41000000000000003,
    "priceDayLow": 0.39,
    "priceFiftyTwoWeekHigh": 2.17,
    "priceFiftyTwoWeekLow": 0.38,
    "volumeAverage": 333076.725275,
    "cashFlow": -8.45615,
    "earningsPerShare": -0.00992,
    "freeCashFlowYield": -0.0000100000010000001,
    "priceEarningsRatio": -99999.99,
    "priceToCash": -99999.99,
    "foreignExempt": false,
    "shareDescription": "Ordinary Fully Paid",
    "numOfShares": 640200230,
    "yieldAnnual": 0,
    "incomeStatement": [
      {
        "revenue": 0,
        "netIncome": -6271820,
        "period": "2022A",
        "fPeriodEndDate": 44742,
        "curCode": "AUD"
      },
      {
        "revenue": 0,
        "netIncome": -1684390,
        "period": "2021A",
        "fPeriodEndDate": 44377,
        "curCode": "AUD"
      },
      {
        "revenue": 0,
        "netIncome": -35150,
        "period": "2020A",
        "fPeriodEndDate": 44012,
        "curCode": "AUD"
      }
    ]
  },
  {
    "symbol": "LYL",
    "displayName": "LYCOPODIUM LIMITED",
    "industry": "Capital Goods",
    "dateListed": "2004-12-17",
    "marketCap": 270233537,
    "xid": "194813",
    "priceChangeFiveDayPercent": 0.7374631268436551,
    "isRecentListing": false,
    "priceAsk": 7,
    "priceBid": 6.83,
    "priceChange": 0.03000000000000025,
    "priceChangePercent": 0.44117647058823894,
    "priceLast": 6.83,
    "sector": "Industrials",
    "industryGroup": "Capital Goods",
    "securityType": 1,
    "volume": 5142,
    "statusCode": "",
    "isin": "AU000000LYL7",
    "priceClose": 6.8,
    "priceDayHigh": 6.8500000000000005,
    "priceDayLow": 6.68,
    "priceFiftyTwoWeekHigh": 7.42,
    "priceFiftyTwoWeekLow": 4.62,
    "volumeAverage": 17573.533333,
    "dateExDate": "2022-09-21",
    "datePayDate": "2022-10-07",
    "dateRecordDate": "2022-09-23",
    "dividend": 0.36,
    "dividendType": "F",
    "frankingPercent": 100,
    "cashFlow": 23.70708,
    "earningsPerShare": 0.68324,
    "freeCashFlowYield": 0.12016703217472288,
    "priceEarningsRatio": 9.95258,
    "priceToCash": 8.32175,
    "foreignExempt": false,
    "shareDescription": "Ordinary Fully Paid",
    "numOfShares": 39740226,
    "yieldAnnual": 7.906295754026353,
    "incomeStatement": [
      {
        "revenue": 232156830,
        "netIncome": 27177700,
        "period": "2022A",
        "fPeriodEndDate": 44742,
        "curCode": "AUD"
      },
      {
        "revenue": 162175650,
        "netIncome": 14199450,
        "period": "2021A",
        "fPeriodEndDate": 44377,
        "curCode": "AUD"
      },
      {
        "revenue": 211134310,
        "netIncome": 11803950,
        "period": "2020A",
        "fPeriodEndDate": 44012,
        "curCode": "AUD"
      },
      {
        "revenue": 154033410,
        "netIncome": 16507380,
        "period": "2019A",
        "fPeriodEndDate": 43646,
        "curCode": "AUD"
      }
    ]
  },
  {
    "symbol": "MGH",
    "displayName": "MAAS GROUP HOLDINGS LIMITED",
    "industry": "Capital Goods",
    "dateListed": "2020-12-04",
    "marketCap": 762381754,
    "xid": "629379088",
    "priceChangeFiveDayPercent": 7.079646017699122,
    "isRecentListing": false,
    "priceAsk": 2.47,
    "priceBid": 2.39,
    "priceChange": -0.040000000000000036,
    "priceChangePercent": -1.6260162601626031,
    "priceLast": 2.42,
    "sector": "Industrials",
    "industryGroup": "Capital Goods",
    "securityType": 1,
    "volume": 599067,
    "statusCode": "",
    "isin": "AU0000118564",
    "priceClose": 2.46,
    "priceDayHigh": 2.5,
    "priceDayLow": 2.36,
    "priceFiftyTwoWeekHigh": 5.36,
    "priceFiftyTwoWeekLow": 2.2,
    "volumeAverage": 415867.533333,
    "dateExDate": "2022-09-14",
    "datePayDate": "2022-10-12",
    "dateRecordDate": "2022-09-15",
    "dividend": 0.035,
    "dividendType": "F",
    "frankingPercent": 100,
    "cashFlow": -51.653,
    "earningsPerShare": 0.2089,
    "freeCashFlowYield": 0.12084621352559162,
    "priceEarningsRatio": 11.77597,
    "priceToCash": 8.27498,
    "foreignExempt": false,
    "shareDescription": "Ordinary Fully Paid",
    "numOfShares": 309911282,
    "yieldAnnual": 0,
    "incomeStatement": [
      {
        "revenue": 343240000,
        "netIncome": 61562000,
        "period": "2022A",
        "fPeriodEndDate": 44742,
        "curCode": "AUD"
      },
      {
        "revenue": 175263150,
        "netIncome": 34569430,
        "period": "2021A",
        "fPeriodEndDate": 44377,
        "curCode": "AUD"
      },
      {
        "revenue": 101017400,
        "netIncome": 20693570,
        "period": "2020A",
        "fPeriodEndDate": 44012,
        "curCode": "AUD"
      },
      {
        "revenue": 34117270,
        "netIncome": 9220250,
        "period": "2019A",
        "fPeriodEndDate": 43646,
        "curCode": "AUD"
      }
    ]
  },
  {
    "symbol": "MXI",
    "displayName": "MAXIPARTS LIMITED",
    "industry": "Capital Goods",
    "dateListed": "1994-12-07",
    "marketCap": 99912057,
    "xid": "208176",
    "priceChangeFiveDayPercent": 0.9615384615384623,
    "isRecentListing": false,
    "priceAsk": 2.1,
    "priceBid": 2.0300000000000002,
    "priceChange": 0,
    "priceChangePercent": 0,
    "priceLast": 2.1,
    "sector": "Industrials",
    "industryGroup": "Capital Goods",
    "securityType": 1,
    "volume": 931,
    "statusCode": "",
    "isin": "AU000000MXI3",
    "priceClose": 2.1,
    "priceDayHigh": 2.1,
    "priceDayLow": 2.09,
    "priceFiftyTwoWeekHigh": 3.84214,
    "priceFiftyTwoWeekLow": 1.745,
    "volumeAverage": 101138.597561,
    "dateExDate": "2022-08-30",
    "datePayDate": "2022-09-19",
    "dateRecordDate": "2022-08-31",
    "dividend": 0.025,
    "dividendType": "F",
    "frankingPercent": 100,
    "cashFlow": -34.522,
    "earningsPerShare": 0.12226,
    "freeCashFlowYield": 0.0946932931581255,
    "priceEarningsRatio": 17.17651,
    "priceToCash": 10.56041,
    "foreignExempt": false,
    "shareDescription": "Ordinary Fully Paid",
    "numOfShares": 47577170,
    "yieldAnnual": 1.1904761904761905,
    "incomeStatement": [
      {
        "revenue": 152767000,
        "netIncome": -4932000,
        "period": "2022A",
        "fPeriodEndDate": 44742,
        "curCode": "AUD"
      },
      {
        "revenue": 114588000,
        "netIncome": 4584000,
        "period": "2021A",
        "fPeriodEndDate": 44377,
        "curCode": "AUD"
      },
      {
        "revenue": 112746000,
        "netIncome": -35492000,
        "period": "2020A",
        "fPeriodEndDate": 44012,
        "curCode": "AUD"
      },
      {
        "revenue": 347150000,
        "netIncome": -27040000,
        "period": "2019A",
        "fPeriodEndDate": 43646,
        "curCode": "AUD"
      }
    ]
  },
  {
    "symbol": "MYG",
    "displayName": "MAYFIELD GROUP HOLDINGS LIMITED",
    "industry": "Capital Goods",
    "dateListed": "1986-10-30",
    "marketCap": 28987486,
    "xid": "54273",
    "priceChangeFiveDayPercent": 0,
    "isRecentListing": false,
    "priceAsk": 0.35000000000000003,
    "priceBid": 0.29,
    "priceChange": -0.030000000000000027,
    "priceChangePercent": -9.375000000000009,
    "priceLast": 0.29,
    "sector": "Industrials",
    "industryGroup": "Capital Goods",
    "securityType": 1,
    "volume": 5000,
    "statusCode": "",
    "isin": "AU0000119331",
    "priceClose": 0.32,
    "priceDayHigh": 0.29,
    "priceDayLow": 0.29,
    "priceFiftyTwoWeekHigh": 0.45,
    "priceFiftyTwoWeekLow": 0.25,
    "volumeAverage": 10701.791667,
    "dateExDate": "2020-06-19",
    "datePayDate": "2020-06-26",
    "dateRecordDate": "2020-06-22",
    "dividend": 0.02,
    "dividendType": "I",
    "frankingPercent": 100,
    "cashFlow": 0.7732,
    "earningsPerShare": -0.02019,
    "freeCashFlowYield": 0.011826483256833727,
    "priceEarningsRatio": -99999.99,
    "priceToCash": 84.55599,
    "foreignExempt": false,
    "shareDescription": "Ordinary Fully Paid",
    "numOfShares": 90585894,
    "yieldAnnual": 0,
    "incomeStatement": [
      {
        "revenue": 82357290,
        "netIncome": -1810490,
        "period": "2022A",
        "fPeriodEndDate": 44742,
        "curCode": "AUD"
      },
      {
        "revenue": 60787990,
        "netIncome": 2580880,
        "period": "2021A",
        "fPeriodEndDate": 44377,
        "curCode": "AUD"
      },
      {
        "revenue": 682410,
        "netIncome": -1161450,
        "period": "2020A",
        "fPeriodEndDate": 44012,
        "curCode": "AUD"
      },
      {
        "revenue": 1012900,
        "netIncome": -3520100,
        "period": "2019A",
        "fPeriodEndDate": 43646,
        "curCode": "AUD"
      }
    ]
  },
  {
    "symbol": "MPP",
    "displayName": "METRO PERFORMANCE GLASS LIMITED",
    "industry": "Capital Goods",
    "dateListed": "2014-07-30",
    "marketCap": 31514275,
    "xid": "76950261",
    "priceChangeFiveDayPercent": 0,
    "isRecentListing": false,
    "priceAsk": 0.25,
    "priceBid": 0.125,
    "priceChange": 0,
    "priceChangePercent": 0,
    "priceLast": 0.17,
    "sector": "Industrials",
    "industryGroup": "Capital Goods",
    "securityType": 1,
    "volume": 0,
    "statusCode": "",
    "isin": "NZMPGE0001S5",
    "priceClose": 0.17,
    "priceFiftyTwoWeekHigh": 0.38,
    "priceFiftyTwoWeekLow": 0.17,
    "volumeAverage": 12973,
    "dateExDate": "2018-07-06",
    "datePayDate": "2018-07-24",
    "dateRecordDate": "2018-07-09",
    "dividend": 0.0348,
    "dividendType": "F",
    "frankingPercent": 0,
    "cashFlow": 2.766,
    "earningsPerShare": -0.00248,
    "freeCashFlowYield": 0.47801375723593326,
    "priceEarningsRatio": -99999.99,
    "priceToCash": 2.09199,
    "foreignExempt": true,
    "shareDescription": "Ordinary Fully Paid Foreign Exempt Nzx",
    "numOfShares": 185378086,
    "yieldAnnual": 0,
    "incomeStatement": [
      {
        "revenue": 236063000,
        "netIncome": -459000,
        "period": "2022A",
        "fPeriodEndDate": 44651,
        "curCode": "NZD"
      },
      {
        "revenue": 232274000,
        "netIncome": 8105000,
        "period": "2021A",
        "fPeriodEndDate": 44286,
        "curCode": "NZD"
      },
      {
        "revenue": 254908000,
        "netIncome": -78861000,
        "period": "2020A",
        "fPeriodEndDate": 43921,
        "curCode": "NZD"
      },
      {
        "revenue": 267836000,
        "netIncome": 5042000,
        "period": "2019A",
        "fPeriodEndDate": 43555,
        "curCode": "NZD"
      }
    ]
  },
  {
    "symbol": "MND",
    "displayName": "MONADELPHOUS GROUP LIMITED",
    "industry": "Capital Goods",
    "dateListed": "1991-03-28",
    "marketCap": 1325916692,
    "xid": "203069",
    "priceChangeFiveDayPercent": -3.428971308607407,
    "isRecentListing": false,
    "priceAsk": 14.3,
    "priceBid": 13.67,
    "priceChange": -0.05999999999999872,
    "priceChangePercent": -0.4329004329004237,
    "priceLast": 13.8,
    "sector": "Industrials",
    "industryGroup": "Capital Goods",
    "securityType": 1,
    "volume": 373910,
    "statusCode": "",
    "isin": "AU000000MND5",
    "priceClose": 13.86,
    "priceDayHigh": 14.135,
    "priceDayLow": 13.68,
    "priceFiftyTwoWeekHigh": 14.64,
    "priceFiftyTwoWeekLow": 8.68,
    "volumeAverage": 305565.67033,
    "dateExDate": "2022-09-08",
    "datePayDate": "2022-09-30",
    "dateRecordDate": "2022-09-09",
    "dividend": 0.25,
    "dividendType": "F",
    "frankingPercent": 100,
    "cashFlow": 15.585,
    "earningsPerShare": 0.54579,
    "freeCashFlowYield": 0.06439394671143335,
    "priceEarningsRatio": 25.39438,
    "priceToCash": 15.52941,
    "foreignExempt": false,
    "shareDescription": "Ordinary Fully Paid",
    "numOfShares": 95664985,
    "yieldAnnual": 3.550724637681159,
    "incomeStatement": [
      {
        "revenue": 1810390000,
        "netIncome": 52219000,
        "period": "2022A",
        "fPeriodEndDate": 44742,
        "curCode": "AUD"
      },
      {
        "revenue": 1754242000,
        "netIncome": 47060000,
        "period": "2021A",
        "fPeriodEndDate": 44377,
        "curCode": "AUD"
      },
      {
        "revenue": 1488749000,
        "netIncome": 36483000,
        "period": "2020A",
        "fPeriodEndDate": 44012,
        "curCode": "AUD"
      },
      {
        "revenue": 1479737000,
        "netIncome": 50565000,
        "period": "2019A",
        "fPeriodEndDate": 43646,
        "curCode": "AUD"
      }
    ]
  },
  {
    "symbol": "MSI",
    "displayName": "MULTISTACK INTERNATIONAL LIMITED",
    "industry": "Capital Goods",
    "dateListed": "1993-02-11",
    "marketCap": 2453471,
    "xid": "205830",
    "priceChangeFiveDayPercent": 1.927470528863119e-14,
    "isRecentListing": false,
    "priceAsk": 0.022,
    "priceBid": 0.018000000000000002,
    "priceChange": 0,
    "priceChangePercent": 0,
    "priceLast": 0.018000000000000002,
    "sector": "Industrials",
    "industryGroup": "Capital Goods",
    "securityType": 1,
    "volume": 12195,
    "statusCode": "",
    "isin": "AU000000MSI3",
    "priceClose": 0.018000000000000002,
    "priceDayHigh": 0.018000000000000002,
    "priceDayLow": 0.018000000000000002,
    "priceFiftyTwoWeekHigh": 0.068,
    "priceFiftyTwoWeekLow": 0.014,
    "volumeAverage": 40565.6,
    "cashFlow": -0.48322,
    "earningsPerShare": -0.00901,
    "freeCashFlowYield": -0.0000100000010000001,
    "priceEarningsRatio": -99999.99,
    "priceToCash": -99999.99,
    "foreignExempt": false,
    "shareDescription": "Ordinary Fully Paid",
    "numOfShares": 136303924,
    "yieldAnnual": 0,
    "incomeStatement": [
      {
        "revenue": 689800,
        "netIncome": -1132980,
        "period": "2021A",
        "fPeriodEndDate": 44561,
        "curCode": "AUD"
      },
      {
        "revenue": 908570,
        "netIncome": -368320,
        "period": "2020A",
        "fPeriodEndDate": 44196,
        "curCode": "AUD"
      },
      {
        "revenue": 630730,
        "netIncome": -902360,
        "period": "2019A",
        "fPeriodEndDate": 43830,
        "curCode": "AUD"
      },
      {
        "revenue": 713480,
        "netIncome": -732660,
        "period": "2018A",
        "fPeriodEndDate": 43465,
        "curCode": "AUD"
      }
    ]
  },
  {
    "symbol": "NGL",
    "displayName": "NIGHTINGALE INTELLIGENT SYSTEMS INC",
    "industry": "Capital Goods",
    "dateListed": "2022-11-18",
    "marketCap": 18705092,
    "xid": "749832745",
    "priceChangeFiveDayPercent": 0,
    "isRecentListing": true,
    "priceAsk": 0.16,
    "priceBid": 0.145,
    "priceChange": 0.0050000000000000044,
    "priceChangePercent": 3.448275862068969,
    "priceLast": 0.15,
    "securityType": 1,
    "volume": 388709,
    "statusCode": "",
    "isin": "AU0000235558",
    "priceClose": 0.145,
    "priceDayHigh": 0.16,
    "priceDayLow": 0.145,
    "priceFiftyTwoWeekHigh": 0.16,
    "priceFiftyTwoWeekLow": 0.115,
    "foreignExempt": false,
    "shareDescription": "Cdi 1:1 Us Person Prohibited Excluding Qib",
    "numOfShares": 129000635,
    "yieldAnnual": 0,
    "incomeStatement": []
  },
  {
    "symbol": "NWH",
    "displayName": "NRW HOLDINGS LIMITED",
    "industry": "Capital Goods",
    "dateListed": "2007-09-05",
    "marketCap": 1154427372,
    "xid": "8390020",
    "priceChangeFiveDayPercent": 2.362204724409451,
    "isRecentListing": false,
    "priceAsk": 2.61,
    "priceBid": 2.58,
    "priceChange": 0.03000000000000025,
    "priceChangePercent": 1.167315175097286,
    "priceLast": 2.6,
    "sector": "Industrials",
    "industryGroup": "Capital Goods",
    "securityType": 1,
    "volume": 487758,
    "statusCode": "",
    "isin": "AU000000NWH5",
    "priceClose": 2.57,
    "priceDayHigh": 2.61,
    "priceDayLow": 2.57,
    "priceFiftyTwoWeekHigh": 2.89,
    "priceFiftyTwoWeekLow": 1.51,
    "volumeAverage": 1266176.901099,
    "dateExDate": "2022-09-21",
    "datePayDate": "2022-10-12",
    "dateRecordDate": "2022-09-23",
    "dividend": 0.07,
    "dividendType": "F",
    "frankingPercent": 100,
    "cashFlow": 34.496,
    "earningsPerShare": 0.21393,
    "freeCashFlowYield": 0.18884065059380944,
    "priceEarningsRatio": 12.01328,
    "priceToCash": 5.29547,
    "foreignExempt": false,
    "shareDescription": "Ordinary Fully Paid",
    "numOfShares": 449193530,
    "yieldAnnual": 4.8076923076923075,
    "incomeStatement": [
      {
        "revenue": 2377728000,
        "netIncome": 97414000,
        "period": "2022A",
        "fPeriodEndDate": 44742,
        "curCode": "AUD"
      },
      {
        "revenue": 2221479000,
        "netIncome": 54295000,
        "period": "2021A",
        "fPeriodEndDate": 44377,
        "curCode": "AUD"
      },
      {
        "revenue": 2004362000,
        "netIncome": 73749000,
        "period": "2020A",
        "fPeriodEndDate": 44012,
        "curCode": "AUD"
      },
      {
        "revenue": 1078124000,
        "netIncome": 32270000,
        "period": "2019A",
        "fPeriodEndDate": 43646,
        "curCode": "AUD"
      }
    ]
  },
  {
    "symbol": "OLH",
    "displayName": "OLDFIELDS HOLDINGS LIMITED",
    "industry": "Capital Goods",
    "dateListed": "1960-06-15",
    "marketCap": 11515543,
    "xid": "221532",
    "priceChangeFiveDayPercent": -9.333333333333325,
    "isRecentListing": false,
    "priceAsk": 0.068,
    "priceBid": 0.061,
    "priceChange": 0,
    "priceChangePercent": 0,
    "priceLast": 0.068,
    "sector": "Industrials",
    "industryGroup": "Capital Goods",
    "securityType": 1,
    "volume": 0,
    "statusCode": "XE",
    "isin": "AU000000OLH6",
    "priceClose": 0.068,
    "priceFiftyTwoWeekHigh": 0.076,
    "priceFiftyTwoWeekLow": 0.04582,
    "volumeAverage": 30394.106862,
    "cashFlow": -2.323,
    "earningsPerShare": -0.02445,
    "freeCashFlowYield": -0.0000100000010000001,
    "priceEarningsRatio": -99999.99,
    "priceToCash": -99999.99,
    "foreignExempt": false,
    "shareDescription": "Ordinary Fully Paid",
    "numOfShares": 169346214,
    "yieldAnnual": 0,
    "incomeStatement": [
      {
        "revenue": 24474000,
        "netIncome": -4296000,
        "period": "2022A",
        "fPeriodEndDate": 44742,
        "curCode": "AUD"
      },
      {
        "revenue": 22716000,
        "netIncome": -2846000,
        "period": "2021A",
        "fPeriodEndDate": 44377,
        "curCode": "AUD"
      },
      {
        "revenue": 24591000,
        "netIncome": -1461000,
        "period": "2020A",
        "fPeriodEndDate": 44012,
        "curCode": "AUD"
      },
      {
        "revenue": 24755000,
        "netIncome": -481000,
        "period": "2019A",
        "fPeriodEndDate": 43646,
        "curCode": "AUD"
      }
    ]
  },
  {
    "symbol": "1CG",
    "displayName": "ONE CLICK GROUP LIMITED",
    "industry": "Capital Goods",
    "dateListed": "2017-04-28",
    "marketCap": 9602646,
    "xid": "403789822",
    "priceChangeFiveDayPercent": -7.142857142857137,
    "isRecentListing": false,
    "priceAsk": 0.014,
    "priceBid": 0.012,
    "priceChange": -0.0009999999999999992,
    "priceChangePercent": -7.142857142857137,
    "priceLast": 0.013000000000000001,
    "sector": "Industrials",
    "industryGroup": "Capital Goods",
    "securityType": 1,
    "volume": 2081700,
    "statusCode": "RE",
    "isin": "AU0000241234",
    "priceClose": 0.014,
    "priceDayHigh": 0.014,
    "priceDayLow": 0.012,
    "priceFiftyTwoWeekHigh": 0.025,
    "priceFiftyTwoWeekLow": 0.012,
    "volumeAverage": 1242692.675,
    "cashFlow": -0.58646,
    "earningsPerShare": -0.00021,
    "freeCashFlowYield": -0.0000100000010000001,
    "priceEarningsRatio": -99999.99,
    "priceToCash": -99999.99,
    "foreignExempt": false,
    "shareDescription": "Ordinary Fully Paid",
    "numOfShares": 685903321,
    "yieldAnnual": 0,
    "incomeStatement": [
      {
        "revenue": 12670,
        "netIncome": -515430,
        "period": "2021A",
        "fPeriodEndDate": 44561,
        "curCode": "AUD"
      },
      {
        "revenue": 529720,
        "netIncome": -1347290,
        "period": "2020A",
        "fPeriodEndDate": 44196,
        "curCode": "AUD"
      },
      {
        "revenue": 330820,
        "netIncome": -2409260,
        "period": "2019A",
        "fPeriodEndDate": 43830,
        "curCode": "AUD"
      },
      {
        "revenue": 175090,
        "netIncome": -4833150,
        "period": "2018A",
        "fPeriodEndDate": 43465,
        "curCode": "AUD"
      }
    ]
  },
  {
    "symbol": "OEC",
    "displayName": "ORBITAL CORPORATION LIMITED",
    "industry": "Capital Goods",
    "dateListed": "1989-01-24",
    "marketCap": 20240734,
    "xid": "27277396",
    "priceChangeFiveDayPercent": -18.367346938775505,
    "isRecentListing": false,
    "priceAsk": 0.21,
    "priceBid": 0.195,
    "priceChange": -0.01999999999999999,
    "priceChangePercent": -9.090909090909086,
    "priceLast": 0.2,
    "sector": "Industrials",
    "industryGroup": "Capital Goods",
    "securityType": 1,
    "volume": 322467,
    "statusCode": "",
    "isin": "AU000000OEC2",
    "priceClose": 0.22,
    "priceDayHigh": 0.225,
    "priceDayLow": 0.2,
    "priceFiftyTwoWeekHigh": 0.5,
    "priceFiftyTwoWeekLow": 0.16,
    "volumeAverage": 48673.870588,
    "cashFlow": -6.296,
    "earningsPerShare": -0.13024,
    "freeCashFlowYield": -0.0000100000010000001,
    "priceEarningsRatio": -99999.99,
    "priceToCash": -99999.99,
    "foreignExempt": false,
    "shareDescription": "Ordinary Fully Paid",
    "numOfShares": 92003335,
    "yieldAnnual": 0,
    "incomeStatement": [
      {
        "revenue": 15722000,
        "netIncome": -11131000,
        "period": "2022A",
        "fPeriodEndDate": 44742,
        "curCode": "AUD"
      },
      {
        "revenue": 31202000,
        "netIncome": -11445000,
        "period": "2021A",
        "fPeriodEndDate": 44377,
        "curCode": "AUD"
      },
      {
        "revenue": 33823000,
        "netIncome": 1857000,
        "period": "2020A",
        "fPeriodEndDate": 44012,
        "curCode": "AUD"
      },
      {
        "revenue": 15253000,
        "netIncome": -5906000,
        "period": "2019A",
        "fPeriodEndDate": 43646,
        "curCode": "AUD"
      }
    ]
  },
  {
    "symbol": "PPK",
    "displayName": "PPK GROUP LIMITED",
    "industry": "Capital Goods",
    "dateListed": "1994-12-21",
    "marketCap": 132148154,
    "xid": "232824",
    "priceChangeFiveDayPercent": -4.918032786885243,
    "isRecentListing": false,
    "priceAsk": 1.475,
    "priceBid": 1.45,
    "priceChange": -0.030000000000000027,
    "priceChangePercent": -2.027027027027029,
    "priceLast": 1.45,
    "sector": "Materials",
    "industryGroup": "Materials",
    "securityType": 1,
    "volume": 73516,
    "statusCode": "",
    "isin": "AU000000PPK8",
    "priceClose": 1.48,
    "priceDayHigh": 1.5350000000000001,
    "priceDayLow": 1.45,
    "priceFiftyTwoWeekHigh": 12.09,
    "priceFiftyTwoWeekLow": 1.355,
    "volumeAverage": 239948.538462,
    "dateExDate": "2020-12-16",
    "datePayDate": "2020-12-23",
    "dateRecordDate": "2020-12-17",
    "dividend": 0.025,
    "dividendType": "I",
    "frankingPercent": 100,
    "cashFlow": -15.773,
    "earningsPerShare": -0.02139,
    "freeCashFlowYield": -0.0000100000010000001,
    "priceEarningsRatio": -99999.99,
    "priceToCash": -99999.99,
    "foreignExempt": false,
    "shareDescription": "Ordinary Fully Paid",
    "numOfShares": 89289293,
    "yieldAnnual": 0,
    "incomeStatement": [
      {
        "revenue": 1647000,
        "netIncome": -2564000,
        "period": "2022A",
        "fPeriodEndDate": 44742,
        "curCode": "AUD"
      },
      {
        "revenue": 44000,
        "netIncome": -5479000,
        "period": "2021A",
        "fPeriodEndDate": 44377,
        "curCode": "AUD"
      },
      {
        "revenue": 0,
        "netIncome": 8269000,
        "period": "2020A",
        "fPeriodEndDate": 44012,
        "curCode": "AUD"
      },
      {
        "revenue": 40932000,
        "netIncome": 1800000,
        "period": "2019A",
        "fPeriodEndDate": 43646,
        "curCode": "AUD"
      }
    ]
  },
  {
    "symbol": "POW",
    "displayName": "PROTEAN ENERGY LIMITED",
    "industry": "Capital Goods",
    "dateListed": "2006-12-21",
    "marketCap": -1,
    "xid": "5947364",
    "priceChangeFiveDayPercent": 0,
    "isRecentListing": false,
    "priceChange": 0,
    "priceChangePercent": 0,
    "priceLast": 0.008,
    "sector": "Industrials",
    "industryGroup": "Capital Goods",
    "securityType": 1,
    "volume": 0,
    "statusCode": "",
    "isin": "AU000000POW6",
    "priceClose": 0.008,
    "priceFiftyTwoWeekHigh": 0.012,
    "priceFiftyTwoWeekLow": 0.006,
    "volumeAverage": 1559085.217391,
    "cashFlow": -0.6688,
    "earningsPerShare": -0.00104,
    "freeCashFlowYield": -0.0000100000010000001,
    "priceEarningsRatio": -99999.99,
    "priceToCash": -99999.99,
    "foreignExempt": false,
    "shareDescription": "Ordinary Fully Paid",
    "numOfShares": 650612963,
    "yieldAnnual": 0,
    "incomeStatement": [
      {
        "revenue": 1660,
        "netIncome": -673920,
        "period": "2022A",
        "fPeriodEndDate": 44742,
        "curCode": "AUD"
      },
      {
        "revenue": 19100,
        "netIncome": -700450,
        "period": "2021A",
        "fPeriodEndDate": 44377,
        "curCode": "AUD"
      },
      {
        "revenue": 7940,
        "netIncome": -1319220,
        "period": "2020A",
        "fPeriodEndDate": 44012,
        "curCode": "AUD"
      },
      {
        "revenue": 21760,
        "netIncome": -4579300,
        "period": "2019A",
        "fPeriodEndDate": 43646,
        "curCode": "AUD"
      }
    ]
  },
  {
    "symbol": "PTB",
    "displayName": "PTB GROUP LIMITED",
    "industry": "Capital Goods",
    "dateListed": "2006-12-18",
    "marketCap": 205432937,
    "xid": "6063612",
    "priceChangeFiveDayPercent": 0.7776049766718618,
    "isRecentListing": false,
    "priceAsk": 1.62,
    "priceBid": 1.615,
    "priceChange": 0.0050000000000001155,
    "priceChangePercent": 0.30959752321982137,
    "priceLast": 1.62,
    "sector": "Industrials",
    "industryGroup": "Capital Goods",
    "securityType": 1,
    "volume": 167586,
    "statusCode": "",
    "isin": "AU000000PTB9",
    "priceClose": 1.615,
    "priceDayHigh": 1.62,
    "priceDayLow": 1.615,
    "priceFiftyTwoWeekHigh": 1.625,
    "priceFiftyTwoWeekLow": 0.965,
    "volumeAverage": 386597.417582,
    "dateExDate": "2021-09-30",
    "datePayDate": "2021-10-29",
    "dateRecordDate": "2021-10-01",
    "dividend": 0.05,
    "dividendType": "F",
    "frankingPercent": 100,
    "cashFlow": 0.306,
    "earningsPerShare": 0.10752,
    "freeCashFlowYield": 0.08957667853259069,
    "priceEarningsRatio": 15.02046,
    "priceToCash": 11.16362,
    "foreignExempt": false,
    "shareDescription": "Ordinary Fully Paid",
    "numOfShares": 127203057,
    "yieldAnnual": 3.0864197530864197,
    "incomeStatement": [
      {
        "revenue": 125477000,
        "netIncome": 13676000,
        "period": "2022A",
        "fPeriodEndDate": 44742,
        "curCode": "AUD"
      },
      {
        "revenue": 84292000,
        "netIncome": 12802000,
        "period": "2021A",
        "fPeriodEndDate": 44377,
        "curCode": "AUD"
      },
      {
        "revenue": 78144000,
        "netIncome": 4020000,
        "period": "2020A",
        "fPeriodEndDate": 44012,
        "curCode": "AUD"
      },
      {
        "revenue": 51481000,
        "netIncome": 3974000,
        "period": "2019A",
        "fPeriodEndDate": 43646,
        "curCode": "AUD"
      }
    ]
  },
  {
    "symbol": "QHL",
    "displayName": "QUICKSTEP HOLDINGS LIMITED",
    "industry": "Capital Goods",
    "dateListed": "2005-10-17",
    "marketCap": 30483641,
    "xid": "3145465",
    "priceChangeFiveDayPercent": 1.1904761904761916,
    "isRecentListing": false,
    "priceAsk": 0.43,
    "priceBid": 0.425,
    "priceChange": 0,
    "priceChangePercent": 0,
    "priceLast": 0.425,
    "sector": "Industrials",
    "industryGroup": "Capital Goods",
    "securityType": 1,
    "volume": 5213,
    "statusCode": "RE",
    "isin": "AU000000QHL1",
    "priceClose": 0.425,
    "priceDayHigh": 0.43,
    "priceDayLow": 0.425,
    "priceFiftyTwoWeekHigh": 0.77,
    "priceFiftyTwoWeekLow": 0.36,
    "volumeAverage": 29475.932584,
    "cashFlow": 1.474,
    "earningsPerShare": 0.01107,
    "freeCashFlowYield": 0.11455331081978933,
    "priceEarningsRatio": 38.39205,
    "priceToCash": 8.72956,
    "foreignExempt": false,
    "shareDescription": "Ordinary Fully Paid",
    "numOfShares": 71726214,
    "yieldAnnual": 0,
    "incomeStatement": [
      {
        "revenue": 86675000,
        "netIncome": 786000,
        "period": "2022A",
        "fPeriodEndDate": 44742,
        "curCode": "AUD"
      },
      {
        "revenue": 85097000,
        "netIncome": -271000,
        "period": "2021A",
        "fPeriodEndDate": 44377,
        "curCode": "AUD"
      },
      {
        "revenue": 82252000,
        "netIncome": 3891000,
        "period": "2020A",
        "fPeriodEndDate": 44012,
        "curCode": "AUD"
      },
      {
        "revenue": 73275000,
        "netIncome": 2693000,
        "period": "2019A",
        "fPeriodEndDate": 43646,
        "curCode": "AUD"
      }
    ]
  },
  {
    "symbol": "RFT",
    "displayName": "RECTIFIER TECHNOLOGIES LTD",
    "industry": "Capital Goods",
    "dateListed": "1994-09-22",
    "marketCap": 59155126,
    "xid": "152243",
    "priceChangeFiveDayPercent": 19.999999999999996,
    "isRecentListing": false,
    "priceAsk": 0.045,
    "priceBid": 0.042,
    "priceChange": -0.0010000000000000009,
    "priceChangePercent": -2.325581395348839,
    "priceLast": 0.042,
    "sector": "Industrials",
    "industryGroup": "Capital Goods",
    "securityType": 1,
    "volume": 1230459,
    "statusCode": "",
    "isin": "AU000000RFT6",
    "priceClose": 0.043000000000000003,
    "priceDayHigh": 0.043000000000000003,
    "priceDayLow": 0.041,
    "priceFiftyTwoWeekHigh": 0.096,
    "priceFiftyTwoWeekLow": 0.03,
    "volumeAverage": 704090.241758,
    "dateExDate": "2020-10-29",
    "datePayDate": "2020-12-08",
    "dateRecordDate": "2020-10-30",
    "dividend": 0.001,
    "dividendType": "F",
    "frankingPercent": 100,
    "cashFlow": -1.35521,
    "earningsPerShare": 0.00036,
    "freeCashFlowYield": 0.018592419944758205,
    "priceEarningsRatio": 119.4444,
    "priceToCash": 53.78536,
    "foreignExempt": false,
    "shareDescription": "Ordinary Fully Paid",
    "numOfShares": 1375700602,
    "yieldAnnual": 0,
    "incomeStatement": [
      {
        "revenue": 16303330,
        "netIncome": 491960,
        "period": "2022A",
        "fPeriodEndDate": 44742,
        "curCode": "AUD"
      },
      {
        "revenue": 13266300,
        "netIncome": 540380,
        "period": "2021A",
        "fPeriodEndDate": 44377,
        "curCode": "AUD"
      },
      {
        "revenue": 16128930,
        "netIncome": 1821640,
        "period": "2020A",
        "fPeriodEndDate": 44012,
        "curCode": "AUD"
      },
      {
        "revenue": 18262100,
        "netIncome": 2127040,
        "period": "2019A",
        "fPeriodEndDate": 43646,
        "curCode": "AUD"
      }
    ]
  },
  {
    "symbol": "RFX",
    "displayName": "REDFLOW LIMITED",
    "industry": "Capital Goods",
    "dateListed": "2010-12-14",
    "marketCap": 57050345,
    "xid": "28186027",
    "priceChangeFiveDayPercent": -8.571428571428578,
    "isRecentListing": false,
    "priceAsk": 0.033,
    "priceBid": 0.032,
    "priceChange": 0,
    "priceChangePercent": 0,
    "priceLast": 0.032,
    "sector": "Industrials",
    "industryGroup": "Capital Goods",
    "securityType": 1,
    "volume": 412686,
    "statusCode": "",
    "isin": "AU000000RFX8",
    "priceClose": 0.032,
    "priceDayHigh": 0.033,
    "priceDayLow": 0.032,
    "priceFiftyTwoWeekHigh": 0.058,
    "priceFiftyTwoWeekLow": 0.032,
    "volumeAverage": 1481953.977778,
    "cashFlow": -11.07704,
    "earningsPerShare": -0.0094,
    "freeCashFlowYield": -0.0000100000010000001,
    "priceEarningsRatio": -99999.99,
    "priceToCash": -99999.99,
    "foreignExempt": false,
    "shareDescription": "Ordinary Fully Paid",
    "numOfShares": 1782823271,
    "yieldAnnual": 0,
    "incomeStatement": [
      {
        "revenue": 1644500,
        "netIncome": -13246940,
        "period": "2022A",
        "fPeriodEndDate": 44742,
        "curCode": "AUD"
      },
      {
        "revenue": 2239030,
        "netIncome": -9545160,
        "period": "2021A",
        "fPeriodEndDate": 44377,
        "curCode": "AUD"
      },
      {
        "revenue": 2015690,
        "netIncome": -10017690,
        "period": "2020A",
        "fPeriodEndDate": 44012,
        "curCode": "AUD"
      },
      {
        "revenue": 978580,
        "netIncome": -11570000,
        "period": "2019A",
        "fPeriodEndDate": 43646,
        "curCode": "AUD"
      }
    ]
  },
  {
    "symbol": "REH",
    "displayName": "REECE LIMITED",
    "industry": "Capital Goods",
    "dateListed": "1974-01-01",
    "marketCap": 9689762715,
    "xid": "240711",
    "priceChangeFiveDayPercent": -4.207119741100315,
    "isRecentListing": false,
    "priceAsk": 15.3,
    "priceBid": 14.69,
    "priceChange": -0.1999999999999993,
    "priceChangePercent": -1.3333333333333286,
    "priceLast": 14.8,
    "sector": "Industrials",
    "industryGroup": "Capital Goods",
    "securityType": 1,
    "volume": 380712,
    "statusCode": "",
    "isin": "AU000000REH4",
    "priceClose": 15,
    "priceDayHigh": 15.25,
    "priceDayLow": 14.74,
    "priceFiftyTwoWeekHigh": 28.47,
    "priceFiftyTwoWeekLow": 12.93,
    "volumeAverage": 640904.593407,
    "dateExDate": "2022-10-11",
    "datePayDate": "2022-10-26",
    "dateRecordDate": "2022-10-12",
    "dividend": 0.15,
    "dividendType": "F",
    "frankingPercent": 100,
    "cashFlow": -104.286,
    "earningsPerShare": 0.60766,
    "freeCashFlowYield": 0.06715519834959385,
    "priceEarningsRatio": 24.68486,
    "priceToCash": 14.89088,
    "foreignExempt": false,
    "shareDescription": "Ordinary Fully Paid",
    "numOfShares": 645984181,
    "yieldAnnual": 1.5202702702702702,
    "incomeStatement": [
      {
        "revenue": 7657458000,
        "netIncome": 392487000,
        "period": "2022A",
        "fPeriodEndDate": 44742,
        "curCode": "AUD"
      },
      {
        "revenue": 6273290000,
        "netIncome": 285595000,
        "period": "2021A",
        "fPeriodEndDate": 44377,
        "curCode": "AUD"
      },
      {
        "revenue": 6012383000,
        "netIncome": 228999000,
        "period": "2020A",
        "fPeriodEndDate": 44012,
        "curCode": "AUD"
      },
      {
        "revenue": 5465431000,
        "netIncome": 202100000,
        "period": "2019A",
        "fPeriodEndDate": 43646,
        "curCode": "AUD"
      }
    ]
  },
  {
    "symbol": "RWC",
    "displayName": "RELIANCE WORLDWIDE CORPORATION LIMITED",
    "industry": "Capital Goods",
    "dateListed": "2016-04-29",
    "marketCap": 2386086190,
    "xid": "343507757",
    "priceChangeFiveDayPercent": -0.9900990099009838,
    "isRecentListing": false,
    "priceAsk": 3.0500000000000003,
    "priceBid": 2.97,
    "priceChange": -0.020000000000000018,
    "priceChangePercent": -0.6622516556291397,
    "priceLast": 3,
    "sector": "Industrials",
    "industryGroup": "Capital Goods",
    "securityType": 1,
    "volume": 3216333,
    "statusCode": "",
    "isin": "AU000000RWC7",
    "priceClose": 3.02,
    "priceDayHigh": 3.0500000000000003,
    "priceDayLow": 2.96,
    "priceFiftyTwoWeekHigh": 6.58,
    "priceFiftyTwoWeekLow": 2.92,
    "volumeAverage": 3870361.593407,
    "dateExDate": "2022-09-08",
    "datePayDate": "2022-10-07",
    "dateRecordDate": "2022-09-09",
    "dividend": 0.0714,
    "dividendType": "F",
    "frankingPercent": 10,
    "cashFlow": -71.76461,
    "earningsPerShare": 0.26114,
    "freeCashFlowYield": 0.11583069721971578,
    "priceEarningsRatio": 11.56454,
    "priceToCash": 8.63329,
    "foreignExempt": false,
    "shareDescription": "Ordinary Fully Paid",
    "numOfShares": 790094765,
    "yieldAnnual": 4.473333333333334,
    "incomeStatement": [
      {
        "revenue": 1172160000,
        "netIncome": 137443000,
        "period": "2022A",
        "fPeriodEndDate": 44742,
        "curCode": "USD"
      },
      {
        "revenue": 1001556000,
        "netIncome": 140971000,
        "period": "2021A",
        "fPeriodEndDate": 44377,
        "curCode": "USD"
      },
      {
        "revenue": 755450060,
        "netIncome": 58127640,
        "period": "2020A",
        "fPeriodEndDate": 44012,
        "curCode": "USD"
      },
      {
        "revenue": 717460840,
        "netIncome": 86447650,
        "period": "2019A",
        "fPeriodEndDate": 43646,
        "curCode": "USD"
      }
    ]
  },
  {
    "symbol": "REM",
    "displayName": "REMSENSE TECHNOLOGIES LIMITED",
    "industry": "Capital Goods",
    "dateListed": "2021-11-02",
    "marketCap": 13562581,
    "xid": "680416050",
    "priceChangeFiveDayPercent": -3.1250000000000027,
    "isRecentListing": false,
    "priceAsk": 0.16,
    "priceBid": 0.155,
    "priceChange": -0.0050000000000000044,
    "priceChangePercent": -3.1250000000000027,
    "priceLast": 0.155,
    "sector": "Industrials",
    "industryGroup": "Capital Goods",
    "securityType": 1,
    "volume": 7300,
    "statusCode": "",
    "isin": "AU0000175820",
    "priceClose": 0.16,
    "priceDayHigh": 0.155,
    "priceDayLow": 0.155,
    "priceFiftyTwoWeekHigh": 0.75,
    "priceFiftyTwoWeekLow": 0.14,
    "volumeAverage": 44135.948718,
    "cashFlow": -2.23818,
    "earningsPerShare": -0.03079,
    "freeCashFlowYield": -0.0000100000010000001,
    "priceEarningsRatio": -99999.99,
    "priceToCash": -99999.99,
    "foreignExempt": false,
    "shareDescription": "Ordinary Fully Paid",
    "numOfShares": 84766132,
    "yieldAnnual": 0,
    "incomeStatement": [
      {
        "revenue": 3961300,
        "netIncome": -2451100,
        "period": "2022A",
        "fPeriodEndDate": 44742,
        "curCode": "AUD"
      },
      {
        "revenue": 4311660,
        "netIncome": -728620,
        "period": "2021A",
        "fPeriodEndDate": 44377,
        "curCode": "AUD"
      },
      {
        "revenue": 2171550,
        "netIncome": -247980,
        "period": "2020A",
        "fPeriodEndDate": 44012,
        "curCode": "AUD"
      },
      {
        "revenue": 1117760,
        "netIncome": -71040,
        "period": "2019A",
        "fPeriodEndDate": 43646,
        "curCode": "AUD"
      }
    ]
  },
  {
    "symbol": "RDG",
    "displayName": "RESOURCE DEVELOPMENT GROUP LIMITED",
    "industry": "Capital Goods",
    "dateListed": "2011-05-19",
    "marketCap": 158681395,
    "xid": "34560088",
    "priceChangeFiveDayPercent": -5.454545454545447,
    "isRecentListing": false,
    "priceAsk": 0.055,
    "priceBid": 0.051000000000000004,
    "priceChange": -0.0029999999999999957,
    "priceChangePercent": -5.454545454545447,
    "priceLast": 0.052000000000000005,
    "sector": "Industrials",
    "industryGroup": "Capital Goods",
    "securityType": 1,
    "volume": 66746,
    "statusCode": "",
    "isin": "AU000000RDG8",
    "priceClose": 0.055,
    "priceDayHigh": 0.054,
    "priceDayLow": 0.052000000000000005,
    "priceFiftyTwoWeekHigh": 0.085,
    "priceFiftyTwoWeekLow": 0.04,
    "volumeAverage": 294135.953488,
    "cashFlow": -14.70831,
    "earningsPerShare": 0.00123,
    "freeCashFlowYield": 0.031478801702751344,
    "priceEarningsRatio": 44.71545,
    "priceToCash": 31.76741,
    "foreignExempt": false,
    "shareDescription": "Ordinary Fully Paid",
    "numOfShares": 2885116268,
    "yieldAnnual": 0,
    "incomeStatement": [
      {
        "revenue": 50794450,
        "netIncome": 3606050,
        "period": "2022A",
        "fPeriodEndDate": 44742,
        "curCode": "AUD"
      },
      {
        "revenue": 67159690,
        "netIncome": 1123330,
        "period": "2021A",
        "fPeriodEndDate": 44377,
        "curCode": "AUD"
      },
      {
        "revenue": 21105380,
        "netIncome": 1471780,
        "period": "2020A",
        "fPeriodEndDate": 44012,
        "curCode": "AUD"
      },
      {
        "revenue": 38785940,
        "netIncome": -2664570,
        "period": "2019A",
        "fPeriodEndDate": 43646,
        "curCode": "AUD"
      }
    ]
  },
  {
    "symbol": "ROO",
    "displayName": "ROOTS SUSTAINABLE AGRICULTURAL TECHNOLOGIES LTD",
    "industry": "Capital Goods",
    "dateListed": "2017-12-07",
    "marketCap": 1830865,
    "xid": "442152613",
    "priceChangeFiveDayPercent": 0,
    "isRecentListing": false,
    "priceAsk": 0.002,
    "priceBid": 0.001,
    "priceChange": 0,
    "priceChangePercent": 0,
    "priceLast": 0.002,
    "sector": "Industrials",
    "industryGroup": "Capital Goods",
    "securityType": 1,
    "volume": 96011582,
    "statusCode": "",
    "isin": "AU000000ROO9",
    "priceClose": 0.002,
    "priceDayHigh": 0.002,
    "priceDayLow": 0.0015,
    "priceFiftyTwoWeekHigh": 0.0095,
    "priceFiftyTwoWeekLow": 0.0015,
    "volumeAverage": 3148434.150685,
    "cashFlow": -3.5788,
    "earningsPerShare": -0.00626,
    "freeCashFlowYield": -0.0000100000010000001,
    "priceEarningsRatio": -99999.99,
    "priceToCash": -99999.99,
    "foreignExempt": false,
    "shareDescription": "Chess Depositary Interests 1:1",
    "numOfShares": 915432688,
    "yieldAnnual": 0,
    "incomeStatement": [
      {
        "revenue": 187000,
        "netIncome": -2344000,
        "period": "2021A",
        "fPeriodEndDate": 44561,
        "curCode": "USD"
      },
      {
        "revenue": 107000,
        "netIncome": -3202000,
        "period": "2020A",
        "fPeriodEndDate": 44196,
        "curCode": "USD"
      },
      {
        "revenue": 99000,
        "netIncome": -2615000,
        "period": "2019A",
        "fPeriodEndDate": 43830,
        "curCode": "USD"
      },
      {
        "revenue": 305000,
        "netIncome": -2884000,
        "period": "2018A",
        "fPeriodEndDate": 43465,
        "curCode": "USD"
      }
    ]
  },
  {
    "symbol": "RGI",
    "displayName": "ROTO-GRO INTERNATIONAL LIMITED",
    "industry": "Capital Goods",
    "dateListed": "2017-02-10",
    "marketCap": -1,
    "xid": "376838050",
    "priceChangeFiveDayPercent": 0,
    "isRecentListing": false,
    "priceChange": 0,
    "priceChangePercent": 0,
    "priceLast": 0.011,
    "sector": "Industrials",
    "industryGroup": "Capital Goods",
    "securityType": 1,
    "volume": 0,
    "statusCode": "RE",
    "isin": "AU000000RGI7",
    "priceClose": 0.011,
    "priceFiftyTwoWeekHigh": 0.5,
    "priceFiftyTwoWeekLow": 0.22,
    "cashFlow": -3.44436,
    "earningsPerShare": -0.84461,
    "freeCashFlowYield": -0.0000100000010000001,
    "priceEarningsRatio": -99999.99,
    "priceToCash": -99999.99,
    "foreignExempt": false,
    "shareDescription": "Ordinary Fully Paid",
    "numOfShares": 19699637,
    "yieldAnnual": 0,
    "incomeStatement": [
      {
        "revenue": 1320,
        "netIncome": -4608870,
        "period": "2021A",
        "fPeriodEndDate": 44377,
        "curCode": "AUD"
      },
      {
        "revenue": 966670,
        "netIncome": -15876160,
        "period": "2020A",
        "fPeriodEndDate": 44012,
        "curCode": "AUD"
      },
      {
        "revenue": 724340,
        "netIncome": -6171840,
        "period": "2019A",
        "fPeriodEndDate": 43646,
        "curCode": "AUD"
      },
      {
        "revenue": 464060,
        "netIncome": -3191740,
        "period": "2018A",
        "fPeriodEndDate": 43281,
        "curCode": "AUD"
      }
    ]
  },
  {
    "symbol": "SND",
    "displayName": "SAUNDERS INTERNATIONAL LIMITED",
    "industry": "Capital Goods",
    "dateListed": "2007-12-05",
    "marketCap": 128719671,
    "xid": "9216743",
    "priceChangeFiveDayPercent": 3.982300884955766,
    "isRecentListing": false,
    "priceAsk": 1.2,
    "priceBid": 1.175,
    "priceChange": 0,
    "priceChangePercent": 0,
    "priceLast": 1.175,
    "sector": "Industrials",
    "industryGroup": "Capital Goods",
    "securityType": 1,
    "volume": 36125,
    "statusCode": "",
    "isin": "AU000000SND2",
    "priceClose": 1.175,
    "priceDayHigh": 1.2,
    "priceDayLow": 1.1400000000000001,
    "priceFiftyTwoWeekHigh": 1.395,
    "priceFiftyTwoWeekLow": 0.8,
    "volumeAverage": 15868.584615,
    "dateExDate": "2022-09-12",
    "datePayDate": "2022-10-10",
    "dateRecordDate": "2022-09-13",
    "dividend": 0.02,
    "dividendType": "F",
    "frankingPercent": 100,
    "cashFlow": 13.788,
    "earningsPerShare": 0.06065,
    "freeCashFlowYield": 0.06958777593292852,
    "priceEarningsRatio": 19.37345,
    "priceToCash": 14.37034,
    "foreignExempt": false,
    "shareDescription": "Ordinary Fully Paid",
    "numOfShares": 109548656,
    "yieldAnnual": 2.553191489361702,
    "incomeStatement": [
      {
        "revenue": 129955000,
        "netIncome": 6551000,
        "period": "2022A",
        "fPeriodEndDate": 44742,
        "curCode": "AUD"
      },
      {
        "revenue": 101242000,
        "netIncome": 5542000,
        "period": "2021A",
        "fPeriodEndDate": 44377,
        "curCode": "AUD"
      },
      {
        "revenue": 66462000,
        "netIncome": 1266000,
        "period": "2020A",
        "fPeriodEndDate": 44012,
        "curCode": "AUD"
      },
      {
        "revenue": 50126000,
        "netIncome": -1610000,
        "period": "2019A",
        "fPeriodEndDate": 43646,
        "curCode": "AUD"
      }
    ]
  },
  {
    "symbol": "SSM",
    "displayName": "SERVICE STREAM LIMITED",
    "industry": "Capital Goods",
    "dateListed": "2004-12-09",
    "marketCap": 461964821,
    "xid": "265887",
    "priceChangeFiveDayPercent": 1.3698630136986314,
    "isRecentListing": false,
    "priceAsk": 0.76,
    "priceBid": 0.73,
    "priceChange": -0.010000000000000009,
    "priceChangePercent": -1.3333333333333346,
    "priceLast": 0.74,
    "sector": "Industrials",
    "industryGroup": "Capital Goods",
    "securityType": 1,
    "volume": 597923,
    "statusCode": "",
    "isin": "AU000000SSM2",
    "priceClose": 0.75,
    "priceDayHigh": 0.75,
    "priceDayLow": 0.735,
    "priceFiftyTwoWeekHigh": 1.08,
    "priceFiftyTwoWeekLow": 0.655,
    "volumeAverage": 1394192.241758,
    "dateExDate": "2022-09-19",
    "datePayDate": "2022-10-05",
    "dateRecordDate": "2022-09-20",
    "dividend": 0.01,
    "dividendType": "F",
    "frankingPercent": 100,
    "cashFlow": 53.168,
    "earningsPerShare": -0.06363,
    "freeCashFlowYield": 0.0367950076533616,
    "priceEarningsRatio": -99999.99,
    "priceToCash": 27.1776,
    "foreignExempt": false,
    "shareDescription": "Ordinary Fully Paid",
    "numOfShares": 615953094,
    "yieldAnnual": 1.351351351351351,
    "incomeStatement": [
      {
        "revenue": 1513804000,
        "netIncome": -36324000,
        "period": "2022A",
        "fPeriodEndDate": 44742,
        "curCode": "AUD"
      },
      {
        "revenue": 803006000,
        "netIncome": 29274000,
        "period": "2021A",
        "fPeriodEndDate": 44377,
        "curCode": "AUD"
      },
      {
        "revenue": 927951000,
        "netIncome": 49315000,
        "period": "2020A",
        "fPeriodEndDate": 44012,
        "curCode": "AUD"
      },
      {
        "revenue": 851656000,
        "netIncome": 49859000,
        "period": "2019A",
        "fPeriodEndDate": 43646,
        "curCode": "AUD"
      }
    ]
  },
  {
    "symbol": "SVW",
    "displayName": "SEVEN GROUP HOLDINGS LIMITED",
    "industry": "Capital Goods",
    "dateListed": "2010-04-30",
    "marketCap": 7363292119,
    "xid": "23693826",
    "priceChangeFiveDayPercent": 5.62793121417404,
    "isRecentListing": false,
    "priceAsk": 20.42,
    "priceBid": 20.09,
    "priceChange": 0,
    "priceChangePercent": 0,
    "priceLast": 20.27,
    "sector": "Industrials",
    "industryGroup": "Capital Goods",
    "securityType": 1,
    "volume": 274932,
    "statusCode": "",
    "isin": "AU000000SVW5",
    "priceClose": 20.27,
    "priceDayHigh": 20.46,
    "priceDayLow": 20.04,
    "priceFiftyTwoWeekHigh": 23.285,
    "priceFiftyTwoWeekLow": 15.82,
    "volumeAverage": 502236.10989,
    "dateExDate": "2022-09-15",
    "datePayDate": "2022-10-28",
    "dateRecordDate": "2022-09-16",
    "dividend": 0.23,
    "dividendType": "F",
    "frankingPercent": 100,
    "cashFlow": -297.4,
    "earningsPerShare": 1.07658,
    "freeCashFlowYield": 0.1253786435033802,
    "priceEarningsRatio": 18.82814,
    "priceToCash": 7.97584,
    "foreignExempt": false,
    "shareDescription": "Ordinary Fully Paid",
    "numOfShares": 363260588,
    "yieldAnnual": 2.2693635915145536,
    "incomeStatement": [
      {
        "revenue": 8013400000,
        "netIncome": 558400000,
        "period": "2022A",
        "fPeriodEndDate": 44742,
        "curCode": "AUD"
      },
      {
        "revenue": 4843800000,
        "netIncome": 631400000,
        "period": "2021A",
        "fPeriodEndDate": 44377,
        "curCode": "AUD"
      },
      {
        "revenue": 4571300000,
        "netIncome": 115800000,
        "period": "2020A",
        "fPeriodEndDate": 44012,
        "curCode": "AUD"
      },
      {
        "revenue": 4103500000,
        "netIncome": 201000000,
        "period": "2019A",
        "fPeriodEndDate": 43646,
        "curCode": "AUD"
      }
    ]
  },
  {
    "symbol": "SHA",
    "displayName": "SHAPE AUSTRALIA CORPORATION LIMITED",
    "industry": "Capital Goods",
    "dateListed": "2021-12-17",
    "marketCap": 125233890,
    "xid": "690505693",
    "priceChangeFiveDayPercent": 0,
    "isRecentListing": false,
    "priceAsk": 1.6500000000000001,
    "priceBid": 1.5,
    "priceChange": 0,
    "priceChangePercent": 0,
    "priceLast": 1.5,
    "sector": "Industrials",
    "industryGroup": "Capital Goods",
    "securityType": 1,
    "volume": 2,
    "statusCode": "",
    "isin": "AU0000189292",
    "priceClose": 1.5,
    "priceDayHigh": 1.5,
    "priceDayLow": 1.5,
    "priceFiftyTwoWeekHigh": 2.3,
    "priceFiftyTwoWeekLow": 1.5,
    "volumeAverage": 4221.017857,
    "dateExDate": "2022-08-31",
    "datePayDate": "2022-09-14",
    "dateRecordDate": "2022-09-01",
    "dividend": 0.02,
    "dividendType": "F",
    "frankingPercent": 100,
    "cashFlow": -33.526,
    "earningsPerShare": 0.08591,
    "freeCashFlowYield": 0.09367269075740928,
    "priceEarningsRatio": 17.46013,
    "priceToCash": 10.67547,
    "foreignExempt": false,
    "shareDescription": "Ordinary Fully Paid",
    "numOfShares": 83489260,
    "yieldAnnual": 0,
    "incomeStatement": [
      {
        "revenue": 658324000,
        "netIncome": 7203000,
        "period": "2022A",
        "fPeriodEndDate": 44742,
        "curCode": "AUD"
      },
      {
        "revenue": 571972000,
        "netIncome": 12366000,
        "period": "2021A",
        "fPeriodEndDate": 44377,
        "curCode": "AUD"
      },
      {
        "revenue": 731953000,
        "netIncome": 14784000,
        "period": "2020A",
        "fPeriodEndDate": 44012,
        "curCode": "AUD"
      },
      {
        "revenue": 652946000,
        "netIncome": 12229000,
        "period": "2019A",
        "fPeriodEndDate": 43646,
        "curCode": "AUD"
      }
    ]
  },
  {
    "symbol": "SIV",
    "displayName": "SIV CAPITAL LIMITED",
    "industry": "Capital Goods",
    "dateListed": "2005-05-31",
    "marketCap": 8760275,
    "xid": "1832677",
    "priceChangeFiveDayPercent": -10.256410256410252,
    "isRecentListing": false,
    "priceAsk": 0.185,
    "priceBid": 0.17500000000000002,
    "priceChange": -0.009999999999999981,
    "priceChangePercent": -5.4054054054053955,
    "priceLast": 0.17500000000000002,
    "sector": "Industrials",
    "industryGroup": "Capital Goods",
    "securityType": 1,
    "volume": 10005,
    "statusCode": "",
    "isin": "AU000000SIV4",
    "priceClose": 0.185,
    "priceDayHigh": 0.17500000000000002,
    "priceDayLow": 0.17500000000000002,
    "priceFiftyTwoWeekHigh": 0.295,
    "priceFiftyTwoWeekLow": 0.175,
    "volumeAverage": 72506.774194,
    "dateExDate": "2022-08-29",
    "datePayDate": "2022-09-21",
    "dateRecordDate": "2022-08-30",
    "dividend": 0.06,
    "dividendType": "F",
    "frankingPercent": 100,
    "cashFlow": 0.921,
    "earningsPerShare": -0.00107,
    "freeCashFlowYield": 0.044633292865814474,
    "priceEarningsRatio": -99999.99,
    "priceToCash": 22.4048,
    "foreignExempt": false,
    "shareDescription": "Ordinary Fully Paid",
    "numOfShares": 47352839,
    "yieldAnnual": 34.285714285714285,
    "incomeStatement": [
      {
        "revenue": 1572000,
        "netIncome": -42000,
        "period": "2022A",
        "fPeriodEndDate": 44742,
        "curCode": "AUD"
      },
      {
        "revenue": 5875000,
        "netIncome": 55000,
        "period": "2021A",
        "fPeriodEndDate": 44377,
        "curCode": "AUD"
      },
      {
        "revenue": 14244000,
        "netIncome": -11721000,
        "period": "2020A",
        "fPeriodEndDate": 44012,
        "curCode": "AUD"
      },
      {
        "revenue": 45607000,
        "netIncome": -64912000,
        "period": "2019A",
        "fPeriodEndDate": 43646,
        "curCode": "AUD"
      }
    ]
  },
  {
    "symbol": "SKS",
    "displayName": "SKS TECHNOLOGIES GROUP LIMITED",
    "industry": "Capital Goods",
    "dateListed": "1974-01-01",
    "marketCap": 21329520,
    "xid": "254714",
    "priceChangeFiveDayPercent": -7.142857142857137,
    "isRecentListing": false,
    "priceAsk": 0.21,
    "priceBid": 0.195,
    "priceChange": 0,
    "priceChangePercent": 0,
    "priceLast": 0.195,
    "sector": "Industrials",
    "industryGroup": "Capital Goods",
    "securityType": 1,
    "volume": 0,
    "statusCode": "",
    "isin": "AU0000124901",
    "priceClose": 0.195,
    "priceFiftyTwoWeekHigh": 0.275,
    "priceFiftyTwoWeekLow": 0.115,
    "volumeAverage": 53658.178571,
    "dateExDate": "2022-09-29",
    "datePayDate": "2022-10-17",
    "dateRecordDate": "2022-09-30",
    "dividend": 0.0025,
    "dividendType": "F",
    "frankingPercent": 0,
    "cashFlow": -1.70993,
    "earningsPerShare": 0.028,
    "freeCashFlowYield": 0.18315689219385325,
    "priceEarningsRatio": 6.96429,
    "priceToCash": 5.4598,
    "foreignExempt": false,
    "shareDescription": "Ordinary Fully Paid",
    "numOfShares": 109382153,
    "yieldAnnual": 1.282051282051282,
    "incomeStatement": [
      {
        "revenue": 69126420,
        "netIncome": 3022580,
        "period": "2022A",
        "fPeriodEndDate": 44742,
        "curCode": "AUD"
      },
      {
        "revenue": 37068520,
        "netIncome": 2166460,
        "period": "2021A",
        "fPeriodEndDate": 44377,
        "curCode": "AUD"
      },
      {
        "revenue": 27389850,
        "netIncome": -4989290,
        "period": "2020A",
        "fPeriodEndDate": 44012,
        "curCode": "AUD"
      },
      {
        "revenue": 25359410,
        "netIncome": 19170,
        "period": "2019A",
        "fPeriodEndDate": 43646,
        "curCode": "AUD"
      }
    ]
  },
  {
    "symbol": "SXE",
    "displayName": "SOUTHERN CROSS ELECTRICAL ENGINEERING LTD",
    "industry": "Capital Goods",
    "dateListed": "2007-11-28",
    "marketCap": 180362340,
    "xid": "9231398",
    "priceChangeFiveDayPercent": 2.173913043478263,
    "isRecentListing": false,
    "priceAsk": 0.705,
    "priceBid": 0.7000000000000001,
    "priceChange": 0.014999999999999902,
    "priceChangePercent": 2.1739130434782465,
    "priceLast": 0.705,
    "sector": "Industrials",
    "industryGroup": "Capital Goods",
    "securityType": 1,
    "volume": 124569,
    "statusCode": "",
    "isin": "AU000000SXE9",
    "priceClose": 0.6900000000000001,
    "priceDayHigh": 0.705,
    "priceDayLow": 0.6900000000000001,
    "priceFiftyTwoWeekHigh": 0.76,
    "priceFiftyTwoWeekLow": 0.515,
    "volumeAverage": 165537.78022,
    "dateExDate": "2022-09-27",
    "datePayDate": "2022-10-12",
    "dateRecordDate": "2022-09-28",
    "dividend": 0.04,
    "dividendType": "F",
    "frankingPercent": 100,
    "cashFlow": 13.499,
    "earningsPerShare": 0.06091,
    "freeCashFlowYield": 0.13270501930194506,
    "priceEarningsRatio": 11.32819,
    "priceToCash": 7.53551,
    "foreignExempt": false,
    "shareDescription": "Ordinary Fully Paid",
    "numOfShares": 261394696,
    "yieldAnnual": 7.092198581560283,
    "incomeStatement": [
      {
        "revenue": 553280000,
        "netIncome": 15269000,
        "period": "2022A",
        "fPeriodEndDate": 44742,
        "curCode": "AUD"
      },
      {
        "revenue": 370206000,
        "netIncome": 13761000,
        "period": "2021A",
        "fPeriodEndDate": 44377,
        "curCode": "AUD"
      },
      {
        "revenue": 415104000,
        "netIncome": 10870000,
        "period": "2020A",
        "fPeriodEndDate": 44012,
        "curCode": "AUD"
      },
      {
        "revenue": 386031000,
        "netIncome": 12713000,
        "period": "2019A",
        "fPeriodEndDate": 43646,
        "curCode": "AUD"
      }
    ]
  },
  {
    "symbol": "SRG",
    "displayName": "SRG GLOBAL LIMITED",
    "industry": "Capital Goods",
    "dateListed": "2007-08-17",
    "marketCap": 304735312,
    "xid": "261694",
    "priceChangeFiveDayPercent": -2.173913043478247,
    "isRecentListing": false,
    "priceAsk": 0.685,
    "priceBid": 0.67,
    "priceChange": -0.0050000000000000044,
    "priceChangePercent": -0.7352941176470594,
    "priceLast": 0.675,
    "sector": "Industrials",
    "industryGroup": "Capital Goods",
    "securityType": 1,
    "volume": 141835,
    "statusCode": "",
    "isin": "AU0000032914",
    "priceClose": 0.68,
    "priceDayHigh": 0.68,
    "priceDayLow": 0.67,
    "priceFiftyTwoWeekHigh": 0.745,
    "priceFiftyTwoWeekLow": 0.42,
    "volumeAverage": 445410.736264,
    "dateExDate": "2022-09-08",
    "datePayDate": "2022-09-13",
    "dateRecordDate": "2022-09-09",
    "dividend": 0.015,
    "dividendType": "F",
    "frankingPercent": 100,
    "cashFlow": 29.096,
    "earningsPerShare": 0.04459,
    "freeCashFlowYield": 0.15358906937311087,
    "priceEarningsRatio": 15.25006,
    "priceToCash": 6.51088,
    "foreignExempt": false,
    "shareDescription": "Ordinary Fully Paid",
    "numOfShares": 448140165,
    "yieldAnnual": 4.444444444444445,
    "incomeStatement": [
      {
        "revenue": 644241000,
        "netIncome": 20132000,
        "period": "2022A",
        "fPeriodEndDate": 44742,
        "curCode": "AUD"
      },
      {
        "revenue": 569541000,
        "netIncome": 12053000,
        "period": "2021A",
        "fPeriodEndDate": 44377,
        "curCode": "AUD"
      },
      {
        "revenue": 551168000,
        "netIncome": -29687000,
        "period": "2020A",
        "fPeriodEndDate": 44012,
        "curCode": "AUD"
      },
      {
        "revenue": 486391000,
        "netIncome": 9419000,
        "period": "2019A",
        "fPeriodEndDate": 43646,
        "curCode": "AUD"
      }
    ]
  },
  {
    "symbol": "SGI",
    "displayName": "STEALTH GLOBAL HOLDINGS LTD",
    "industry": "Capital Goods",
    "dateListed": "2018-10-02",
    "marketCap": 13459500,
    "xid": "492660670",
    "priceChangeFiveDayPercent": 4.0000000000000036,
    "isRecentListing": false,
    "priceAsk": 0.135,
    "priceBid": 0.13,
    "priceChange": -0.0050000000000000044,
    "priceChangePercent": -3.703703703703707,
    "priceLast": 0.13,
    "sector": "Industrials",
    "industryGroup": "Capital Goods",
    "securityType": 1,
    "volume": 159487,
    "statusCode": "",
    "isin": "AU0000022238",
    "priceClose": 0.135,
    "priceDayHigh": 0.14,
    "priceDayLow": 0.13,
    "priceFiftyTwoWeekHigh": 0.18,
    "priceFiftyTwoWeekLow": 0.096,
    "volumeAverage": 69257.358491,
    "cashFlow": -1.03386,
    "earningsPerShare": -0.00241,
    "freeCashFlowYield": 0.2322804833292297,
    "priceEarningsRatio": -99999.99,
    "priceToCash": 4.30514,
    "foreignExempt": false,
    "shareDescription": "Ordinary Fully Paid",
    "numOfShares": 99700000,
    "yieldAnnual": 0,
    "incomeStatement": [
      {
        "revenue": 99601270,
        "netIncome": 595880,
        "period": "2022A",
        "fPeriodEndDate": 44742,
        "curCode": "AUD"
      },
      {
        "revenue": 66718860,
        "netIncome": 557680,
        "period": "2021A",
        "fPeriodEndDate": 44377,
        "curCode": "AUD"
      },
      {
        "revenue": 68062370,
        "netIncome": 95760,
        "period": "2020A",
        "fPeriodEndDate": 44012,
        "curCode": "AUD"
      },
      {
        "revenue": 63059430,
        "netIncome": 520810,
        "period": "2019A",
        "fPeriodEndDate": 43646,
        "curCode": "AUD"
      }
    ]
  },
  {
    "symbol": "SST",
    "displayName": "STEAMSHIPS TRADING COMPANY LIMITED",
    "industry": "Capital Goods",
    "dateListed": "1962-06-30",
    "marketCap": 325586489,
    "xid": "260339",
    "priceChangeFiveDayPercent": 0,
    "isRecentListing": false,
    "priceBid": 10.6,
    "priceChange": 0,
    "priceChangePercent": 0,
    "priceLast": 10.5,
    "sector": "Industrials",
    "industryGroup": "Capital Goods",
    "securityType": 1,
    "volume": 0,
    "statusCode": "",
    "isin": "PG0008858709",
    "priceClose": 10.5,
    "priceFiftyTwoWeekHigh": 12.9,
    "priceFiftyTwoWeekLow": 9,
    "volumeAverage": 1150.888889,
    "dateExDate": "2022-09-30",
    "datePayDate": "2022-10-31",
    "dateRecordDate": "2022-10-03",
    "dividend": 0.1757,
    "dividendType": "I",
    "frankingPercent": 0,
    "cashFlow": 13.61018,
    "earningsPerShare": 1.22742,
    "freeCashFlowYield": 0.235316265060241,
    "priceEarningsRatio": 8.55456,
    "priceToCash": 4.2496,
    "foreignExempt": false,
    "shareDescription": "50 Toea Ordinary Fully Paid",
    "numOfShares": 31008237,
    "yieldAnnual": 3.8580952380952382,
    "incomeStatement": [
      {
        "revenue": 563929000,
        "netIncome": 90550000,
        "period": "2021A",
        "fPeriodEndDate": 44561,
        "curCode": "PGK"
      },
      {
        "revenue": 505065000,
        "netIncome": 78855000,
        "period": "2020A",
        "fPeriodEndDate": 44196,
        "curCode": "PGK"
      },
      {
        "revenue": 585168000,
        "netIncome": 49995000,
        "period": "2019A",
        "fPeriodEndDate": 43830,
        "curCode": "PGK"
      },
      {
        "revenue": 581815000,
        "netIncome": 69529000,
        "period": "2018A",
        "fPeriodEndDate": 43465,
        "curCode": "PGK"
      }
    ]
  },
  {
    "symbol": "VMG",
    "displayName": "VDM GROUP LIMITED",
    "industry": "Capital Goods",
    "dateListed": "2006-02-15",
    "marketCap": 6927661,
    "xid": "3916119",
    "priceChangeFiveDayPercent": 0,
    "isRecentListing": false,
    "priceAsk": 0.002,
    "priceBid": 0.001,
    "priceChange": 0,
    "priceChangePercent": 0,
    "priceLast": 0.001,
    "sector": "Industrials",
    "industryGroup": "Capital Goods",
    "securityType": 1,
    "volume": 1000000,
    "statusCode": "",
    "isin": "AU000000VMG1",
    "priceClose": 0.001,
    "priceDayHigh": 0.001,
    "priceDayLow": 0.001,
    "priceFiftyTwoWeekHigh": 0.003,
    "priceFiftyTwoWeekLow": 0.001,
    "volumeAverage": 969870.37037,
    "dateExDate": "2010-09-29",
    "datePayDate": "2010-10-13",
    "dateRecordDate": "2010-10-06",
    "dividend": 0.02,
    "dividendType": "F",
    "frankingPercent": 100,
    "cashFlow": -0.506,
    "earningsPerShare": -0.0001,
    "freeCashFlowYield": -0.0000100000010000001,
    "priceEarningsRatio": -99999.99,
    "priceToCash": -99999.99,
    "foreignExempt": false,
    "shareDescription": "Ordinary Fully Paid",
    "numOfShares": 6927660952,
    "yieldAnnual": 0,
    "incomeStatement": [
      {
        "revenue": 1000,
        "netIncome": -712000,
        "period": "2022A",
        "fPeriodEndDate": 44742,
        "curCode": "AUD"
      },
      {
        "revenue": 103000,
        "netIncome": -927000,
        "period": "2021A",
        "fPeriodEndDate": 44377,
        "curCode": "AUD"
      },
      {
        "revenue": 145000,
        "netIncome": -1719000,
        "period": "2020A",
        "fPeriodEndDate": 44012,
        "curCode": "AUD"
      },
      {
        "revenue": 332000,
        "netIncome": -1904000,
        "period": "2019A",
        "fPeriodEndDate": 43646,
        "curCode": "AUD"
      }
    ]
  },
  {
    "symbol": "VEE",
    "displayName": "VEEM LTD",
    "industry": "Capital Goods",
    "dateListed": "2016-10-26",
    "marketCap": 76002893,
    "xid": "368486095",
    "priceChangeFiveDayPercent": -6.034482758620676,
    "isRecentListing": false,
    "priceAsk": 0.59,
    "priceBid": 0.525,
    "priceChange": -0.015000000000000013,
    "priceChangePercent": -2.6785714285714306,
    "priceLast": 0.545,
    "sector": "Industrials",
    "industryGroup": "Capital Goods",
    "securityType": 1,
    "volume": 10355,
    "statusCode": "",
    "isin": "AU000000VEE3",
    "priceClose": 0.56,
    "priceDayHigh": 0.545,
    "priceDayLow": 0.525,
    "priceFiftyTwoWeekHigh": 1,
    "priceFiftyTwoWeekLow": 0.37,
    "volumeAverage": 81308.792683,
    "dateExDate": "2022-09-06",
    "datePayDate": "2022-09-21",
    "dateRecordDate": "2022-09-07",
    "dividend": 0.0021,
    "dividendType": "F",
    "frankingPercent": 0,
    "cashFlow": -3.10695,
    "earningsPerShare": 0.00939,
    "freeCashFlowYield": 0.06957141227184056,
    "priceEarningsRatio": 59.63791,
    "priceToCash": 14.37372,
    "foreignExempt": false,
    "shareDescription": "Ordinary Fully Paid",
    "numOfShares": 135719452,
    "yieldAnnual": 0,
    "incomeStatement": [
      {
        "revenue": 54448800,
        "netIncome": 1265840,
        "period": "2022A",
        "fPeriodEndDate": 44742,
        "curCode": "AUD"
      },
      {
        "revenue": 59651930,
        "netIncome": 4911180,
        "period": "2021A",
        "fPeriodEndDate": 44377,
        "curCode": "AUD"
      },
      {
        "revenue": 44368070,
        "netIncome": 2470260,
        "period": "2020A",
        "fPeriodEndDate": 44012,
        "curCode": "AUD"
      },
      {
        "revenue": 44960410,
        "netIncome": 2554710,
        "period": "2019A",
        "fPeriodEndDate": 43646,
        "curCode": "AUD"
      }
    ]
  },
  {
    "symbol": "VNT",
    "displayName": "VENTIA SERVICES GROUP LIMITED",
    "industry": "Capital Goods",
    "dateListed": "2021-11-19",
    "marketCap": 2164375646,
    "xid": "688013139",
    "priceChangeFiveDayPercent": 1.6064257028112463,
    "isRecentListing": false,
    "priceAsk": 2.56,
    "priceBid": 2.47,
    "priceChange": 0,
    "priceChangePercent": 0,
    "priceLast": 2.5300000000000002,
    "sector": "Industrials",
    "industryGroup": "Capital Goods",
    "securityType": 1,
    "volume": 1314250,
    "statusCode": "",
    "isin": "AU0000184459",
    "priceClose": 2.5300000000000002,
    "priceDayHigh": 2.56,
    "priceDayLow": 2.47,
    "priceFiftyTwoWeekHigh": 3.12,
    "priceFiftyTwoWeekLow": 1.9375,
    "volumeAverage": 1126660.208791,
    "dateExDate": "2022-08-30",
    "datePayDate": "2022-10-07",
    "dateRecordDate": "2022-08-31",
    "dividend": 0.0747,
    "dividendType": "I",
    "frankingPercent": 80,
    "cashFlow": 130.9,
    "earningsPerShare": 0.07147,
    "freeCashFlowYield": 0.12595648203545676,
    "priceEarningsRatio": 35.39947,
    "priceToCash": 7.93925,
    "foreignExempt": false,
    "shareDescription": "Ordinary Fully Paid",
    "numOfShares": 855484445,
    "yieldAnnual": 0,
    "incomeStatement": [
      {
        "revenue": 4555400000,
        "netIncome": 19500000,
        "period": "2021A",
        "fPeriodEndDate": 44561,
        "curCode": "AUD"
      },
      {
        "revenue": 3227784000,
        "netIncome": 28035000,
        "period": "2020A",
        "fPeriodEndDate": 44196,
        "curCode": "AUD"
      },
      {
        "revenue": 2256536000,
        "netIncome": 62122000,
        "period": "2019A",
        "fPeriodEndDate": 43830,
        "curCode": "AUD"
      },
      {
        "revenue": 2233158000,
        "netIncome": 70094000,
        "period": "2018A",
        "fPeriodEndDate": 43465,
        "curCode": "AUD"
      }
    ]
  },
  {
    "symbol": "VBC",
    "displayName": "VERBREC LIMITED",
    "industry": "Capital Goods",
    "dateListed": "2007-12-11",
    "marketCap": 26577140,
    "xid": "9258833",
    "priceChangeFiveDayPercent": -7.692307692307699,
    "isRecentListing": false,
    "priceAsk": 0.13,
    "priceBid": 0.125,
    "priceChange": 0,
    "priceChangePercent": 0,
    "priceLast": 0.12,
    "sector": "Industrials",
    "industryGroup": "Capital Goods",
    "securityType": 1,
    "volume": 0,
    "statusCode": "",
    "isin": "AU0000125577",
    "priceClose": 0.12,
    "priceFiftyTwoWeekHigh": 0.16,
    "priceFiftyTwoWeekLow": 0.1,
    "volumeAverage": 50366.159091,
    "dateExDate": "2015-09-09",
    "datePayDate": "2015-09-25",
    "dateRecordDate": "2015-09-11",
    "dividend": 0.035,
    "dividendType": "F",
    "frankingPercent": 50,
    "cashFlow": 2.102,
    "earningsPerShare": -0.01433,
    "freeCashFlowYield": 0.06505592532620669,
    "priceEarningsRatio": -99999.99,
    "priceToCash": 15.37139,
    "foreignExempt": false,
    "shareDescription": "Ordinary Fully Paid",
    "numOfShares": 221476170,
    "yieldAnnual": 0,
    "incomeStatement": [
      {
        "revenue": 121392000,
        "netIncome": -3137000,
        "period": "2022A",
        "fPeriodEndDate": 44742,
        "curCode": "AUD"
      },
      {
        "revenue": 97413000,
        "netIncome": -4492000,
        "period": "2021A",
        "fPeriodEndDate": 44377,
        "curCode": "AUD"
      },
      {
        "revenue": 116996000,
        "netIncome": 1818000,
        "period": "2020A",
        "fPeriodEndDate": 44012,
        "curCode": "AUD"
      },
      {
        "revenue": 35030000,
        "netIncome": 181000,
        "period": "2019A",
        "fPeriodEndDate": 43646,
        "curCode": "AUD"
      }
    ]
  },
  {
    "symbol": "XRF",
    "displayName": "XRF SCIENTIFIC LIMITED",
    "industry": "Capital Goods",
    "dateListed": "2006-10-31",
    "marketCap": 111639332,
    "xid": "5593096",
    "priceChangeFiveDayPercent": -1.234567901234569,
    "isRecentListing": false,
    "priceAsk": 0.8200000000000001,
    "priceBid": 0.79,
    "priceChange": -0.015000000000000013,
    "priceChangePercent": -1.8404907975460139,
    "priceLast": 0.8,
    "sector": "Industrials",
    "industryGroup": "Capital Goods",
    "securityType": 1,
    "volume": 75252,
    "statusCode": "",
    "isin": "AU000000XRF8",
    "priceClose": 0.8150000000000001,
    "priceDayHigh": 0.8200000000000001,
    "priceDayLow": 0.79,
    "priceFiftyTwoWeekHigh": 0.84,
    "priceFiftyTwoWeekLow": 0.51,
    "volumeAverage": 98658.888889,
    "dateExDate": "2022-09-29",
    "datePayDate": "2022-10-14",
    "dateRecordDate": "2022-09-30",
    "dividend": 0.025,
    "dividendType": "F",
    "frankingPercent": 100,
    "cashFlow": 0.50937,
    "earningsPerShare": 0.04489,
    "freeCashFlowYield": 0.06092709098729914,
    "priceEarningsRatio": 18.15549,
    "priceToCash": 16.41306,
    "foreignExempt": false,
    "shareDescription": "Ordinary Fully Paid",
    "numOfShares": 136980775,
    "yieldAnnual": 3.125,
    "incomeStatement": [
      {
        "revenue": 40008660,
        "netIncome": 6083740,
        "period": "2022A",
        "fPeriodEndDate": 44742,
        "curCode": "AUD"
      },
      {
        "revenue": 31294960,
        "netIncome": 5130460,
        "period": "2021A",
        "fPeriodEndDate": 44377,
        "curCode": "AUD"
      },
      {
        "revenue": 29091510,
        "netIncome": 3121380,
        "period": "2020A",
        "fPeriodEndDate": 44012,
        "curCode": "AUD"
      },
      {
        "revenue": 29028640,
        "netIncome": 2137590,
        "period": "2019A",
        "fPeriodEndDate": 43646,
        "curCode": "AUD"
      }
    ]
  },
  {
    "symbol": "XTE",
    "displayName": "XTEK LIMITED.",
    "industry": "Capital Goods",
    "dateListed": "2005-09-15",
    "marketCap": 54951320,
    "xid": "3105258",
    "priceChangeFiveDayPercent": 8.65384615384616,
    "isRecentListing": false,
    "priceAsk": 0.5650000000000001,
    "priceBid": 0.53,
    "priceChange": 0.025000000000000022,
    "priceChangePercent": 4.629629629629633,
    "priceLast": 0.5650000000000001,
    "sector": "Industrials",
    "industryGroup": "Capital Goods",
    "securityType": 1,
    "volume": 302675,
    "statusCode": "",
    "isin": "AU000000XTE7",
    "priceClose": 0.54,
    "priceDayHigh": 0.5650000000000001,
    "priceDayLow": 0.53,
    "priceFiftyTwoWeekHigh": 0.6,
    "priceFiftyTwoWeekLow": 0.165,
    "volumeAverage": 252110.362637,
    "cashFlow": 24.03574,
    "earningsPerShare": 0.08442,
    "freeCashFlowYield": 0.13423107073440504,
    "priceEarningsRatio": 6.39659,
    "priceToCash": 7.44984,
    "foreignExempt": false,
    "shareDescription": "Ordinary Fully Paid",
    "numOfShares": 101761703,
    "yieldAnnual": 0,
    "incomeStatement": [
      {
        "revenue": 58631860,
        "netIncome": 5738730,
        "period": "2022A",
        "fPeriodEndDate": 44742,
        "curCode": "AUD"
      },
      {
        "revenue": 28685810,
        "netIncome": -3974950,
        "period": "2021A",
        "fPeriodEndDate": 44377,
        "curCode": "AUD"
      },
      {
        "revenue": 43565910,
        "netIncome": 302680,
        "period": "2020A",
        "fPeriodEndDate": 44012,
        "curCode": "AUD"
      },
      {
        "revenue": 37915500,
        "netIncome": 168430,
        "period": "2019A",
        "fPeriodEndDate": 43646,
        "curCode": "AUD"
      }
    ]
  },
  {
    "symbol": "ZGL",
    "displayName": "ZICOM GROUP LIMITED",
    "industry": "Capital Goods",
    "dateListed": "1970-11-12",
    "marketCap": 15448321,
    "xid": "293605",
    "priceChangeFiveDayPercent": 9.090909090909099,
    "isRecentListing": false,
    "priceAsk": 0.07200000000000001,
    "priceBid": 0.069,
    "priceChange": 0,
    "priceChangePercent": 0,
    "priceLast": 0.07200000000000001,
    "sector": "Industrials",
    "industryGroup": "Capital Goods",
    "securityType": 1,
    "volume": 0,
    "statusCode": "",
    "isin": "AU000000ZGL4",
    "priceClose": 0.07200000000000001,
    "priceFiftyTwoWeekHigh": 0.11,
    "priceFiftyTwoWeekLow": 0.05,
    "volumeAverage": 100346.234043,
    "dateExDate": "2017-03-16",
    "datePayDate": "2017-03-31",
    "dateRecordDate": "2017-03-17",
    "dividend": 0.0015,
    "dividendType": "I",
    "frankingPercent": 0,
    "cashFlow": -7.01939,
    "earningsPerShare": -0.0428,
    "freeCashFlowYield": -0.0000100000010000001,
    "priceEarningsRatio": -99999.99,
    "priceToCash": -99999.99,
    "foreignExempt": false,
    "shareDescription": "Ordinary Fully Paid",
    "numOfShares": 214560008,
    "yieldAnnual": 0,
    "incomeStatement": [
      {
        "revenue": 92327000,
        "netIncome": -8495000,
        "period": "2022A",
        "fPeriodEndDate": 44742,
        "curCode": "SGD"
      },
      {
        "revenue": 91275000,
        "netIncome": -1125000,
        "period": "2021A",
        "fPeriodEndDate": 44377,
        "curCode": "SGD"
      },
      {
        "revenue": 101327000,
        "netIncome": -1200000,
        "period": "2020A",
        "fPeriodEndDate": 44012,
        "curCode": "SGD"
      },
      {
        "revenue": 97811000,
        "netIncome": 455000,
        "period": "2019A",
        "fPeriodEndDate": 43646,
        "curCode": "SGD"
      }
    ]
  }
]