[
  {
    "symbol": "TGP",
    "displayName": "360 CAPITAL GROUP",
    "industry": "Real Estate",
    "dateListed": "2005-07-26",
    "marketCap": 181333078,
    "xid": "2524743",
    "priceChangeFiveDayPercent": -4.3750000000000036,
    "isRecentListing": false,
    "priceAsk": 0.775,
    "priceBid": 0.765,
    "priceChange": -0.020000000000000018,
    "priceChangePercent": -2.5477707006369448,
    "priceLast": 0.765,
    "sector": "Financials",
    "industryGroup": "Diversified Financials",
    "securityType": 6,
    "volume": 159131,
    "statusCode": "XD",
    "isin": "AU000000TGP8",
    "priceClose": 0.785,
    "priceDayHigh": 0.78,
    "priceDayLow": 0.765,
    "priceFiftyTwoWeekHigh": 1.04,
    "priceFiftyTwoWeekLow": 0.75,
    "volumeAverage": 113289.758242,
    "dateExDate": "2022-08-30",
    "datePayDate": "2022-10-07",
    "dateRecordDate": "2022-08-31",
    "dividend": 0.08,
    "dividendType": "I",
    "frankingPercent": 0,
    "cashFlow": -49.311,
    "earningsPerShare": 0.14195,
    "freeCashFlowYield": 0.18922084532520442,
    "priceEarningsRatio": 5.53012,
    "priceToCash": 5.28483,
    "foreignExempt": false,
    "shareDescription": "Fully Paid Ordinary/units Stapled Securities",
    "numOfShares": 230997551,
    "yieldAnnual": 7.643312101910829,
    "incomeStatement": [
      {
        "revenue": 8652000,
        "netIncome": 31671000,
        "period": "2022A",
        "fPeriodEndDate": 44742,
        "curCode": "AUD"
      },
      {
        "revenue": 15472000,
        "netIncome": 5290000,
        "period": "2021A",
        "fPeriodEndDate": 44377,
        "curCode": "AUD"
      },
      {
        "revenue": 6680000,
        "netIncome": 1345000,
        "period": "2020A",
        "fPeriodEndDate": 44012,
        "curCode": "AUD"
      },
      {
        "revenue": 9056000,
        "netIncome": 1594000,
        "period": "2019A",
        "fPeriodEndDate": 43646,
        "curCode": "AUD"
      }
    ]
  },
  {
    "symbol": "ABP",
    "displayName": "ABACUS PROPERTY GROUP",
    "industry": "Real Estate",
    "dateListed": "2002-11-14",
    "marketCap": 2216270930,
    "xid": "37039",
    "priceChangeFiveDayPercent": -5.660377358490563,
    "isRecentListing": false,
    "priceAsk": 2.5500000000000003,
    "priceBid": 2.5,
    "priceChange": 0.020000000000000018,
    "priceChangePercent": 0.8064516129032265,
    "priceLast": 2.5,
    "sector": "Real Estate",
    "industryGroup": "Real Estate",
    "securityType": 6,
    "volume": 1865650,
    "statusCode": "",
    "isin": "AU000000ABP9",
    "priceClose": 2.48,
    "priceDayHigh": 2.54,
    "priceDayLow": 2.48,
    "priceFiftyTwoWeekHigh": 3.92,
    "priceFiftyTwoWeekLow": 2.42,
    "volumeAverage": 1363046.709677,
    "dateExDate": "2022-06-30",
    "datePayDate": "2022-08-31",
    "dateRecordDate": "2022-07-01",
    "dividend": 0.0925,
    "dividendType": "F",
    "frankingPercent": 0,
    "cashFlow": 51.7,
    "earningsPerShare": 0.6144,
    "freeCashFlowYield": 0.23364267623667073,
    "priceEarningsRatio": 4.10156,
    "priceToCash": 4.28004,
    "foreignExempt": false,
    "shareDescription": "Fully Paid Ordinary/units Stapled Securities",
    "numOfShares": 893657633,
    "yieldAnnual": 7.258064516129032,
    "incomeStatement": [
      {
        "revenue": 319622000,
        "netIncome": 517165000,
        "period": "2022A",
        "fPeriodEndDate": 44742,
        "curCode": "AUD"
      },
      {
        "revenue": 257588000,
        "netIncome": 369409000,
        "period": "2021A",
        "fPeriodEndDate": 44377,
        "curCode": "AUD"
      },
      {
        "revenue": 262262000,
        "netIncome": 84727000,
        "period": "2020A",
        "fPeriodEndDate": 44012,
        "curCode": "AUD"
      },
      {
        "revenue": 270413000,
        "netIncome": 202723000,
        "period": "2019A",
        "fPeriodEndDate": 43646,
        "curCode": "AUD"
      }
    ]
  },
  {
    "symbol": "ACU",
    "displayName": "ACUMENTIS GROUP LIMITED",
    "industry": "Real Estate",
    "dateListed": "2003-12-05",
    "marketCap": 16304522,
    "xid": "184709",
    "priceChangeFiveDayPercent": 3.225806451612906,
    "isRecentListing": false,
    "priceAsk": 0.098,
    "priceBid": 0.093,
    "priceChange": 0.0030000000000000027,
    "priceChangePercent": 3.225806451612906,
    "priceLast": 0.096,
    "sector": "Real Estate",
    "industryGroup": "Real Estate",
    "securityType": 1,
    "volume": 50000,
    "statusCode": "",
    "isin": "AU0000077604",
    "priceClose": 0.093,
    "priceDayHigh": 0.096,
    "priceDayLow": 0.096,
    "priceFiftyTwoWeekHigh": 0.185,
    "priceFiftyTwoWeekLow": 0.086,
    "volumeAverage": 123113.641509,
    "dateExDate": "2018-08-31",
    "datePayDate": "2018-09-19",
    "dateRecordDate": "2018-09-03",
    "dividend": 0.02,
    "dividendType": "F",
    "frankingPercent": 100,
    "cashFlow": 0.373,
    "earningsPerShare": 0.00806,
    "freeCashFlowYield": 0.19672763255999703,
    "priceEarningsRatio": 12.15881,
    "priceToCash": 5.08317,
    "foreignExempt": false,
    "shareDescription": "Ordinary Fully Paid",
    "numOfShares": 175317445,
    "yieldAnnual": 0,
    "incomeStatement": [
      {
        "revenue": 56908000,
        "netIncome": 1445000,
        "period": "2022A",
        "fPeriodEndDate": 44742,
        "curCode": "AUD"
      },
      {
        "revenue": 44047000,
        "netIncome": -9688000,
        "period": "2021A",
        "fPeriodEndDate": 44377,
        "curCode": "AUD"
      },
      {
        "revenue": 36666000,
        "netIncome": -2555000,
        "period": "2020A",
        "fPeriodEndDate": 44012,
        "curCode": "AUD"
      },
      {
        "revenue": 41493000,
        "netIncome": -15148000,
        "period": "2019A",
        "fPeriodEndDate": 43646,
        "curCode": "AUD"
      }
    ]
  },
  {
    "symbol": "APW",
    "displayName": "AIMS PROPERTY SECURITIES FUND",
    "industry": "Real Estate",
    "dateListed": "2004-12-17",
    "marketCap": 56199885,
    "xid": "204573",
    "priceChangeFiveDayPercent": -1.1764705882352866,
    "isRecentListing": false,
    "priceAsk": 1.25,
    "priceBid": 1.01,
    "priceChange": 0,
    "priceChangePercent": 0,
    "priceLast": 1.26,
    "sector": "Real Estate",
    "industryGroup": "Real Estate",
    "securityType": 6,
    "volume": 0,
    "statusCode": "",
    "isin": "AU000000APW5",
    "priceClose": 1.26,
    "priceFiftyTwoWeekHigh": 1.3,
    "priceFiftyTwoWeekLow": 1.02,
    "volumeAverage": 35336.763636,
    "dateExDate": "2020-03-30",
    "datePayDate": "2020-06-12",
    "dateRecordDate": "2020-03-31",
    "dividend": 0.0077,
    "dividendType": "I",
    "frankingPercent": 0,
    "cashFlow": -0.105,
    "earningsPerShare": 0.09083,
    "freeCashFlowYield": -0.0000100000010000001,
    "priceEarningsRatio": 14.03721,
    "priceToCash": -99999.99,
    "foreignExempt": false,
    "shareDescription": "Ordinary Units Fully Paid",
    "numOfShares": 44603083,
    "yieldAnnual": 0,
    "incomeStatement": [
      {
        "revenue": 5614000,
        "netIncome": 4044000,
        "period": "2022A",
        "fPeriodEndDate": 44742,
        "curCode": "AUD"
      },
      {
        "revenue": 14036000,
        "netIncome": 12770000,
        "period": "2021A",
        "fPeriodEndDate": 44377,
        "curCode": "AUD"
      },
      {
        "revenue": -2933000,
        "netIncome": -4267000,
        "period": "2020A",
        "fPeriodEndDate": 44012,
        "curCode": "AUD"
      },
      {
        "revenue": 11375000,
        "netIncome": 9924000,
        "period": "2019A",
        "fPeriodEndDate": 43646,
        "curCode": "AUD"
      }
    ]
  },
  {
    "symbol": "ARF",
    "displayName": "ARENA REIT.",
    "industry": "Real Estate",
    "dateListed": "2013-06-13",
    "marketCap": 1158087237,
    "xid": "58695765",
    "priceChangeFiveDayPercent": -13.385826771653537,
    "isRecentListing": false,
    "priceAsk": 3.35,
    "priceBid": 3.17,
    "priceChange": -0.029999999999999805,
    "priceChangePercent": -0.900900900900895,
    "priceLast": 3.3000000000000003,
    "sector": "Real Estate",
    "industryGroup": "Real Estate",
    "securityType": 6,
    "volume": 838852,
    "statusCode": "XD",
    "isin": "AU000000ARF6",
    "priceClose": 3.33,
    "priceDayHigh": 3.49,
    "priceDayLow": 3.3000000000000003,
    "priceFiftyTwoWeekHigh": 5.18,
    "priceFiftyTwoWeekLow": 3.3,
    "volumeAverage": 713641.451613,
    "dateExDate": "2022-09-29",
    "datePayDate": "2022-11-03",
    "dateRecordDate": "2022-09-30",
    "dividend": 0.042,
    "dividendType": "I",
    "frankingPercent": 0,
    "cashFlow": 14.019,
    "earningsPerShare": 0.96464,
    "freeCashFlowYield": -0.0000100000010000001,
    "priceEarningsRatio": 3.6283,
    "priceToCash": -99999.99,
    "foreignExempt": false,
    "shareDescription": "Fully Paid Ordinary/units Stapled Securities",
    "numOfShares": 347773945,
    "yieldAnnual": 4.87987987987988,
    "incomeStatement": [
      {
        "revenue": 81415000,
        "netIncome": 334288000,
        "period": "2022A",
        "fPeriodEndDate": 44742,
        "curCode": "AUD"
      },
      {
        "revenue": 68870000,
        "netIncome": 165351000,
        "period": "2021A",
        "fPeriodEndDate": 44377,
        "curCode": "AUD"
      },
      {
        "revenue": 60328000,
        "netIncome": 76641000,
        "period": "2020A",
        "fPeriodEndDate": 44012,
        "curCode": "AUD"
      },
      {
        "revenue": 55607000,
        "netIncome": 59323000,
        "period": "2019A",
        "fPeriodEndDate": 43646,
        "curCode": "AUD"
      }
    ]
  },
  {
    "symbol": "APZ",
    "displayName": "ASPEN GROUP",
    "industry": "Real Estate",
    "dateListed": "1991-04-11",
    "marketCap": 282407058,
    "xid": "47249",
    "priceChangeFiveDayPercent": -1.2658227848101276,
    "isRecentListing": false,
    "priceAsk": 1.61,
    "priceBid": 1.56,
    "priceChange": -0.020000000000000018,
    "priceChangePercent": -1.2658227848101276,
    "priceLast": 1.56,
    "sector": "Real Estate",
    "industryGroup": "Real Estate",
    "securityType": 6,
    "volume": 238678,
    "upcomingEventName": "Annual General Meeting",
    "statusCode": "",
    "isin": "AU000000APZ8",
    "priceClose": 1.58,
    "priceDayHigh": 1.58,
    "priceDayLow": 1.52,
    "priceFiftyTwoWeekHigh": 1.8,
    "priceFiftyTwoWeekLow": 1.45,
    "volumeAverage": 60694.075949,
    "dateExDate": "2022-06-29",
    "datePayDate": "2022-08-25",
    "dateRecordDate": "2022-06-30",
    "dividend": 0.035,
    "dividendType": "F",
    "frankingPercent": 0,
    "cashFlow": 7.227,
    "earningsPerShare": 0.5416,
    "freeCashFlowYield": 0.2704149788265072,
    "priceEarningsRatio": 2.91728,
    "priceToCash": 3.69802,
    "foreignExempt": false,
    "shareDescription": "Fully Paid Ordinary/units Stapled Securities",
    "numOfShares": 178738644,
    "yieldAnnual": 4.177215189873418,
    "incomeStatement": [
      {
        "revenue": 46677000,
        "netIncome": 75381000,
        "period": "2022A",
        "fPeriodEndDate": 44742,
        "curCode": "AUD"
      },
      {
        "revenue": 35522000,
        "netIncome": 25391000,
        "period": "2021A",
        "fPeriodEndDate": 44377,
        "curCode": "AUD"
      },
      {
        "revenue": 30770000,
        "netIncome": 11871000,
        "period": "2020A",
        "fPeriodEndDate": 44012,
        "curCode": "AUD"
      },
      {
        "revenue": 29228000,
        "netIncome": -848000,
        "period": "2019A",
        "fPeriodEndDate": 43646,
        "curCode": "AUD"
      }
    ]
  },
  {
    "symbol": "AKL",
    "displayName": "AUCKLAND REAL ESTATE TRUST",
    "industry": "Real Estate",
    "dateListed": "2005-09-23",
    "marketCap": 61461745,
    "xid": "3160801",
    "priceChangeFiveDayPercent": 0,
    "isRecentListing": false,
    "priceBid": 0.77,
    "priceChange": 0,
    "priceChangePercent": 0,
    "priceLast": 0.765,
    "sector": "Real Estate",
    "industryGroup": "Real Estate",
    "securityType": 6,
    "volume": 0,
    "statusCode": "",
    "isin": "AU0000124463",
    "priceClose": 0.765,
    "priceFiftyTwoWeekHigh": 0.89,
    "priceFiftyTwoWeekLow": 0.765,
    "volumeAverage": 563.2,
    "dateExDate": "2010-06-24",
    "datePayDate": "2010-07-14",
    "dateRecordDate": "2010-06-30",
    "dividend": 0,
    "dividendType": "Q",
    "frankingPercent": 0,
    "cashFlow": 1.233,
    "earningsPerShare": 0.41728,
    "freeCashFlowYield": -0.0000100000010000001,
    "priceEarningsRatio": 1.8333,
    "priceToCash": -99999.99,
    "foreignExempt": false,
    "shareDescription": "Units Fully Paid",
    "numOfShares": 80342150,
    "yieldAnnual": 0,
    "incomeStatement": [
      {
        "revenue": 11394000,
        "netIncome": 54155000,
        "period": "2021A",
        "fPeriodEndDate": 44377,
        "curCode": "AUD"
      },
      {
        "revenue": 11137000,
        "netIncome": 9526000,
        "period": "2020A",
        "fPeriodEndDate": 44012,
        "curCode": "AUD"
      },
      {
        "revenue": 8105000,
        "netIncome": 2560000,
        "period": "2019A",
        "fPeriodEndDate": 43646,
        "curCode": "AUD"
      },
      {
        "revenue": 4107000,
        "netIncome": -4277000,
        "period": "2018A",
        "fPeriodEndDate": 43281,
        "curCode": "AUD"
      }
    ]
  },
  {
    "symbol": "AOF",
    "displayName": "AUSTRALIAN UNITY OFFICE FUND",
    "industry": "Real Estate",
    "dateListed": "2016-06-20",
    "marketCap": 210410799,
    "xid": "352106310",
    "priceChangeFiveDayPercent": -9.722222222222214,
    "isRecentListing": false,
    "priceAsk": 1.32,
    "priceBid": 1.2550000000000001,
    "priceChange": 0.020000000000000018,
    "priceChangePercent": 1.5625000000000013,
    "priceLast": 1.3,
    "sector": "Real Estate",
    "industryGroup": "Real Estate",
    "securityType": 6,
    "volume": 67816,
    "statusCode": "XD",
    "isin": "AU000000AOF3",
    "priceClose": 1.28,
    "priceDayHigh": 1.325,
    "priceDayLow": 1.23,
    "priceFiftyTwoWeekHigh": 2.6,
    "priceFiftyTwoWeekLow": 1.23,
    "volumeAverage": 100377.119565,
    "dateExDate": "2022-09-29",
    "datePayDate": "2022-10-27",
    "dateRecordDate": "2022-09-30",
    "dividend": 0.025,
    "dividendType": "I",
    "frankingPercent": 0,
    "cashFlow": 4.338,
    "earningsPerShare": -0.29392,
    "freeCashFlowYield": -0.0000100000010000001,
    "priceEarningsRatio": -99999.99,
    "priceToCash": -99999.99,
    "foreignExempt": false,
    "shareDescription": "Ordinary Units Fully Paid",
    "numOfShares": 164383437,
    "yieldAnnual": 10.859375,
    "incomeStatement": [
      {
        "revenue": 46648000,
        "netIncome": -48355000,
        "period": "2022A",
        "fPeriodEndDate": 44742,
        "curCode": "AUD"
      },
      {
        "revenue": 50878000,
        "netIncome": 23257000,
        "period": "2021A",
        "fPeriodEndDate": 44377,
        "curCode": "AUD"
      },
      {
        "revenue": 57563000,
        "netIncome": 13245000,
        "period": "2020A",
        "fPeriodEndDate": 44012,
        "curCode": "AUD"
      },
      {
        "revenue": 58924000,
        "netIncome": 44828000,
        "period": "2019A",
        "fPeriodEndDate": 43646,
        "curCode": "AUD"
      }
    ]
  },
  {
    "symbol": "AVJ",
    "displayName": "AVJENNINGS LIMITED",
    "industry": "Real Estate",
    "dateListed": "1994-01-27",
    "marketCap": 169601329,
    "xid": "55093",
    "priceChangeFiveDayPercent": 1.3539305178355568e-14,
    "isRecentListing": false,
    "priceAsk": 0.42,
    "priceBid": 0.41000000000000003,
    "priceChange": -0.007500000000000007,
    "priceChangePercent": -1.796407185628744,
    "priceLast": 0.41000000000000003,
    "sector": "Consumer Discretionary",
    "industryGroup": "Consumer Durables & Apparel",
    "securityType": 1,
    "volume": 47102,
    "statusCode": "",
    "isin": "AU000000AVJ0",
    "priceClose": 0.41750000000000004,
    "priceDayHigh": 0.41500000000000004,
    "priceDayLow": 0.41000000000000003,
    "priceFiftyTwoWeekHigh": 0.63,
    "priceFiftyTwoWeekLow": 0.405,
    "volumeAverage": 70876.973333,
    "dateExDate": "2022-09-07",
    "datePayDate": "2022-09-21",
    "dateRecordDate": "2022-09-08",
    "dividend": 0.0067,
    "dividendType": "F",
    "frankingPercent": 100,
    "cashFlow": 21.074,
    "earningsPerShare": 0.0322,
    "freeCashFlowYield": 0.09431141818908874,
    "priceEarningsRatio": 12.73292,
    "priceToCash": 10.60317,
    "foreignExempt": false,
    "shareDescription": "Ordinary Fully Paid",
    "numOfShares": 406230728,
    "yieldAnnual": 4.239520958083832,
    "incomeStatement": [
      {
        "revenue": 222814000,
        "netIncome": 13078000,
        "period": "2022A",
        "fPeriodEndDate": 44742,
        "curCode": "AUD"
      },
      {
        "revenue": 311090000,
        "netIncome": 18716000,
        "period": "2021A",
        "fPeriodEndDate": 44377,
        "curCode": "AUD"
      },
      {
        "revenue": 262354000,
        "netIncome": 9041000,
        "period": "2020A",
        "fPeriodEndDate": 44012,
        "curCode": "AUD"
      },
      {
        "revenue": 296467000,
        "netIncome": 16439000,
        "period": "2019A",
        "fPeriodEndDate": 43646,
        "curCode": "AUD"
      }
    ]
  },
  {
    "symbol": "AXI",
    "displayName": "AXIOM PROPERTIES LIMITED",
    "industry": "Real Estate",
    "dateListed": "1997-01-31",
    "marketCap": 22068397,
    "xid": "55928",
    "priceChangeFiveDayPercent": 2.0000000000000018,
    "isRecentListing": false,
    "priceAsk": 0.062,
    "priceBid": 0.051000000000000004,
    "priceChange": 0,
    "priceChangePercent": 0,
    "priceLast": 0.051000000000000004,
    "sector": "Real Estate",
    "industryGroup": "Real Estate",
    "securityType": 1,
    "volume": 0,
    "statusCode": "",
    "isin": "AU000000AXI8",
    "priceClose": 0.051000000000000004,
    "priceFiftyTwoWeekHigh": 0.105,
    "priceFiftyTwoWeekLow": 0.044,
    "volumeAverage": 34839.843137,
    "cashFlow": 13.823,
    "earningsPerShare": 0.01268,
    "freeCashFlowYield": 0.2647940431932043,
    "priceEarningsRatio": 3.94322,
    "priceToCash": 3.77652,
    "foreignExempt": false,
    "shareDescription": "Ordinary Fully Paid",
    "numOfShares": 432713658,
    "yieldAnnual": 0,
    "incomeStatement": [
      {
        "revenue": 65616000,
        "netIncome": 5502000,
        "period": "2022A",
        "fPeriodEndDate": 44742,
        "curCode": "AUD"
      },
      {
        "revenue": 59814000,
        "netIncome": 12161000,
        "period": "2021A",
        "fPeriodEndDate": 44377,
        "curCode": "AUD"
      },
      {
        "revenue": 668000,
        "netIncome": 367000,
        "period": "2020A",
        "fPeriodEndDate": 44012,
        "curCode": "AUD"
      },
      {
        "revenue": 692000,
        "netIncome": -2377000,
        "period": "2019A",
        "fPeriodEndDate": 43646,
        "curCode": "AUD"
      }
    ]
  },
  {
    "symbol": "BWP",
    "displayName": "BWP TRUST",
    "industry": "Real Estate",
    "dateListed": "1998-09-16",
    "marketCap": 2299734015,
    "xid": "68005",
    "priceChangeFiveDayPercent": -4.438642297650128,
    "isRecentListing": false,
    "priceAsk": 3.67,
    "priceBid": 3.61,
    "priceChange": 0.08000000000000007,
    "priceChangePercent": 2.234636871508382,
    "priceLast": 3.66,
    "sector": "Real Estate",
    "industryGroup": "Real Estate",
    "securityType": 6,
    "volume": 966298,
    "statusCode": "",
    "isin": "AU000000BWP3",
    "priceClose": 3.58,
    "priceDayHigh": 3.68,
    "priceDayLow": 3.615,
    "priceFiftyTwoWeekHigh": 4.35,
    "priceFiftyTwoWeekLow": 3.51,
    "volumeAverage": 997313.806452,
    "dateExDate": "2022-06-29",
    "datePayDate": "2022-08-19",
    "dateRecordDate": "2022-06-30",
    "dividend": 0.0927,
    "dividendType": "F",
    "frankingPercent": 0,
    "cashFlow": -6.456,
    "earningsPerShare": 0.75755,
    "freeCashFlowYield": -0.0000100000010000001,
    "priceEarningsRatio": 4.85777,
    "priceToCash": -99999.99,
    "foreignExempt": false,
    "shareDescription": "Ordinary Units Fully Paid",
    "numOfShares": 642383803,
    "yieldAnnual": 5.108938547486034,
    "incomeStatement": [
      {
        "revenue": 153610000,
        "netIncome": 486637000,
        "period": "2022A",
        "fPeriodEndDate": 44742,
        "curCode": "AUD"
      },
      {
        "revenue": 152716000,
        "netIncome": 263169000,
        "period": "2021A",
        "fPeriodEndDate": 44377,
        "curCode": "AUD"
      },
      {
        "revenue": 156217000,
        "netIncome": 210642000,
        "period": "2020A",
        "fPeriodEndDate": 44012,
        "curCode": "AUD"
      },
      {
        "revenue": 156263000,
        "netIncome": 169377000,
        "period": "2019A",
        "fPeriodEndDate": 43646,
        "curCode": "AUD"
      }
    ]
  },
  {
    "symbol": "CAQ",
    "displayName": "CAQ HOLDINGS LIMITED",
    "industry": "Real Estate",
    "dateListed": "2005-07-25",
    "marketCap": 11484580,
    "xid": "82603054",
    "priceChangeFiveDayPercent": 0,
    "isRecentListing": false,
    "priceBid": 0.004,
    "priceChange": 0,
    "priceChangePercent": 0,
    "priceLast": 0.016,
    "sector": "Real Estate",
    "industryGroup": "Real Estate",
    "securityType": 1,
    "volume": 0,
    "statusCode": "",
    "isin": "AU000000CAQ5",
    "priceClose": 0.016,
    "priceFiftyTwoWeekHigh": 0.026,
    "priceFiftyTwoWeekLow": 0.011,
    "volumeAverage": 36278.666667,
    "cashFlow": 1.29746,
    "earningsPerShare": -0.00046,
    "freeCashFlowYield": -0.0000100000010000001,
    "priceEarningsRatio": -99999.99,
    "priceToCash": -99999.99,
    "foreignExempt": false,
    "shareDescription": "Ordinary Fully Paid",
    "numOfShares": 717786281,
    "yieldAnnual": 0,
    "incomeStatement": [
      {
        "revenue": 2580990,
        "netIncome": -1269730,
        "period": "2021A",
        "fPeriodEndDate": 44561,
        "curCode": "AUD"
      },
      {
        "revenue": 2055710,
        "netIncome": -2182680,
        "period": "2020A",
        "fPeriodEndDate": 44196,
        "curCode": "AUD"
      },
      {
        "revenue": 1369710,
        "netIncome": -2577820,
        "period": "2019A",
        "fPeriodEndDate": 43830,
        "curCode": "AUD"
      },
      {
        "revenue": 535770,
        "netIncome": -1852390,
        "period": "2018A",
        "fPeriodEndDate": 43465,
        "curCode": "AUD"
      }
    ]
  },
  {
    "symbol": "CDP",
    "displayName": "CARINDALE PROPERTY TRUST",
    "industry": "Real Estate",
    "dateListed": "1996-11-28",
    "marketCap": 311295974,
    "xid": "72263",
    "priceChangeFiveDayPercent": -1.3793103448275774,
    "isRecentListing": false,
    "priceAsk": 4.29,
    "priceBid": 4.16,
    "priceChange": 0.08999999999999986,
    "priceChangePercent": 2.1428571428571392,
    "priceLast": 4.29,
    "sector": "Real Estate",
    "industryGroup": "Real Estate",
    "securityType": 6,
    "volume": 11792,
    "statusCode": "",
    "isin": "AU000000CDP1",
    "priceClose": 4.2,
    "priceDayHigh": 4.3,
    "priceDayLow": 4.24,
    "priceFiftyTwoWeekHigh": 4.86,
    "priceFiftyTwoWeekLow": 4.16,
    "volumeAverage": 11676.825581,
    "dateExDate": "2022-06-29",
    "datePayDate": "2022-08-31",
    "dateRecordDate": "2022-06-30",
    "dividend": 0.125,
    "dividendType": "F",
    "frankingPercent": 0,
    "cashFlow": 22.921,
    "earningsPerShare": 0.93181,
    "freeCashFlowYield": -0.0000100000010000001,
    "priceEarningsRatio": 4.56102,
    "priceToCash": -99999.99,
    "foreignExempt": false,
    "shareDescription": "Units Fully Paid",
    "numOfShares": 74118089,
    "yieldAnnual": 5.952380952380952,
    "incomeStatement": [
      {
        "revenue": 52719000,
        "netIncome": 66518000,
        "period": "2022A",
        "fPeriodEndDate": 44742,
        "curCode": "AUD"
      },
      {
        "revenue": 50107000,
        "netIncome": 39416000,
        "period": "2021A",
        "fPeriodEndDate": 44377,
        "curCode": "AUD"
      },
      {
        "revenue": 51657000,
        "netIncome": -107706000,
        "period": "2020A",
        "fPeriodEndDate": 44012,
        "curCode": "AUD"
      },
      {
        "revenue": 53424000,
        "netIncome": 19047000,
        "period": "2019A",
        "fPeriodEndDate": 43646,
        "curCode": "AUD"
      }
    ]
  },
  {
    "symbol": "CWP",
    "displayName": "CEDAR WOODS PROPERTIES LIMITED",
    "industry": "Real Estate",
    "dateListed": "1994-08-31",
    "marketCap": 322262953,
    "xid": "84342",
    "priceChangeFiveDayPercent": -5.660377358490571,
    "isRecentListing": false,
    "priceAsk": 4.0600000000000005,
    "priceBid": 3.98,
    "priceChange": 0.08000000000000007,
    "priceChangePercent": 2.040816326530614,
    "priceLast": 4,
    "sector": "Real Estate",
    "industryGroup": "Real Estate",
    "securityType": 1,
    "volume": 59593,
    "statusCode": "XD",
    "isin": "AU000000CWP1",
    "priceClose": 3.92,
    "priceDayHigh": 4.0600000000000005,
    "priceDayLow": 3.92,
    "priceFiftyTwoWeekHigh": 6.41,
    "priceFiftyTwoWeekLow": 3.42,
    "volumeAverage": 96717.602151,
    "dateExDate": "2022-09-28",
    "datePayDate": "2022-10-28",
    "dateRecordDate": "2022-09-29",
    "dividend": 0.145,
    "dividendType": "F",
    "frankingPercent": 100,
    "cashFlow": -84.264,
    "earningsPerShare": 0.45175,
    "freeCashFlowYield": 0.11769247427242514,
    "priceEarningsRatio": 9.03154,
    "priceToCash": 8.49672,
    "foreignExempt": false,
    "shareDescription": "Ordinary Fully Paid",
    "numOfShares": 82209937,
    "yieldAnnual": 7.015306122448979,
    "incomeStatement": [
      {
        "revenue": 333036000,
        "netIncome": 37388000,
        "period": "2022A",
        "fPeriodEndDate": 44742,
        "curCode": "AUD"
      },
      {
        "revenue": 299751000,
        "netIncome": 32834000,
        "period": "2021A",
        "fPeriodEndDate": 44377,
        "curCode": "AUD"
      },
      {
        "revenue": 260660000,
        "netIncome": 20387000,
        "period": "2020A",
        "fPeriodEndDate": 44012,
        "curCode": "AUD"
      },
      {
        "revenue": 375149000,
        "netIncome": 48644000,
        "period": "2019A",
        "fPeriodEndDate": 43646,
        "curCode": "AUD"
      }
    ]
  },
  {
    "symbol": "CNI",
    "displayName": "CENTURIA CAPITAL GROUP",
    "industry": "Real Estate",
    "dateListed": "2002-03-26",
    "marketCap": 1226452891,
    "xid": "220960",
    "priceChangeFiveDayPercent": -14.606741573033707,
    "isRecentListing": false,
    "priceAsk": 1.675,
    "priceBid": 1.5050000000000001,
    "priceChange": -0.020000000000000018,
    "priceChangePercent": -1.2987012987012998,
    "priceLast": 1.52,
    "sector": "Real Estate",
    "industryGroup": "Real Estate",
    "securityType": 6,
    "volume": 1287662,
    "statusCode": "",
    "isin": "AU000000CNI5",
    "priceClose": 1.54,
    "priceDayHigh": 1.605,
    "priceDayLow": 1.52,
    "priceFiftyTwoWeekHigh": 3.58,
    "priceFiftyTwoWeekLow": 1.495,
    "volumeAverage": 1702607.817204,
    "dateExDate": "2022-06-29",
    "datePayDate": "2022-08-11",
    "dateRecordDate": "2022-06-30",
    "dividend": 0.055,
    "dividendType": "F",
    "frankingPercent": 16.36,
    "cashFlow": 78.38,
    "earningsPerShare": -0.04909,
    "freeCashFlowYield": -0.0000100000010000001,
    "priceEarningsRatio": -99999.99,
    "priceToCash": -99999.99,
    "foreignExempt": false,
    "shareDescription": "Fully Paid Ordinary/units Stapled Securities",
    "numOfShares": 796397981,
    "yieldAnnual": 7.142857142857142,
    "incomeStatement": [
      {
        "revenue": 299716000,
        "netIncome": -37852000,
        "period": "2022A",
        "fPeriodEndDate": 44742,
        "curCode": "AUD"
      },
      {
        "revenue": 228932000,
        "netIncome": 143456000,
        "period": "2021A",
        "fPeriodEndDate": 44377,
        "curCode": "AUD"
      },
      {
        "revenue": 162373000,
        "netIncome": 21105000,
        "period": "2020A",
        "fPeriodEndDate": 44012,
        "curCode": "AUD"
      },
      {
        "revenue": 115977000,
        "netIncome": 50795000,
        "period": "2019A",
        "fPeriodEndDate": 43646,
        "curCode": "AUD"
      }
    ]
  },
  {
    "symbol": "CIP",
    "displayName": "CENTURIA INDUSTRIAL REIT",
    "industry": "Real Estate",
    "dateListed": "2012-12-13",
    "marketCap": 1644470345,
    "xid": "59713041",
    "priceChangeFiveDayPercent": -8.896797153024911,
    "isRecentListing": false,
    "priceAsk": 2.6,
    "priceBid": 2.5500000000000003,
    "priceChange": -0.029999999999999805,
    "priceChangePercent": -1.1583011583011509,
    "priceLast": 2.56,
    "sector": "Real Estate",
    "industryGroup": "Real Estate",
    "securityType": 6,
    "volume": 1186556,
    "statusCode": "XD",
    "isin": "AU000000CIP0",
    "priceClose": 2.59,
    "priceDayHigh": 2.72,
    "priceDayLow": 2.545,
    "priceFiftyTwoWeekHigh": 4.19,
    "priceFiftyTwoWeekLow": 2.545,
    "volumeAverage": 1496998.236559,
    "dateExDate": "2022-09-29",
    "datePayDate": "2022-10-28",
    "dateRecordDate": "2022-09-30",
    "dividend": 0.04,
    "dividendType": "I",
    "frankingPercent": 0,
    "cashFlow": 19.515,
    "earningsPerShare": 0.61351,
    "freeCashFlowYield": -0.0000100000010000001,
    "priceEarningsRatio": 4.33571,
    "priceToCash": -99999.99,
    "foreignExempt": false,
    "shareDescription": "Ordinary Units Fully Paid",
    "numOfShares": 634930635,
    "yieldAnnual": 6.552123552123552,
    "incomeStatement": [
      {
        "revenue": 203551000,
        "netIncome": 367480000,
        "period": "2022A",
        "fPeriodEndDate": 44742,
        "curCode": "AUD"
      },
      {
        "revenue": 160362000,
        "netIncome": 611239000,
        "period": "2021A",
        "fPeriodEndDate": 44377,
        "curCode": "AUD"
      },
      {
        "revenue": 118233000,
        "netIncome": 75337000,
        "period": "2020A",
        "fPeriodEndDate": 44012,
        "curCode": "AUD"
      },
      {
        "revenue": 94058000,
        "netIncome": 88828000,
        "period": "2019A",
        "fPeriodEndDate": 43646,
        "curCode": "AUD"
      }
    ]
  },
  {
    "symbol": "COF",
    "displayName": "CENTURIA OFFICE REIT",
    "industry": "Real Estate",
    "dateListed": "2014-12-10",
    "marketCap": 881071973,
    "xid": "80536687",
    "priceChangeFiveDayPercent": -9.872611464968156,
    "isRecentListing": false,
    "priceAsk": 1.45,
    "priceBid": 1.415,
    "priceChange": -0.06000000000000005,
    "priceChangePercent": -4.067796610169495,
    "priceLast": 1.415,
    "sector": "Real Estate",
    "industryGroup": "Real Estate",
    "securityType": 6,
    "volume": 1176243,
    "statusCode": "XD",
    "isin": "AU0000077893",
    "priceClose": 1.475,
    "priceDayHigh": 1.48,
    "priceDayLow": 1.415,
    "priceFiftyTwoWeekHigh": 2.51,
    "priceFiftyTwoWeekLow": 1.415,
    "volumeAverage": 1048713.086022,
    "dateExDate": "2022-09-29",
    "datePayDate": "2022-10-28",
    "dateRecordDate": "2022-09-30",
    "dividend": 0.0352,
    "dividendType": "I",
    "frankingPercent": 0,
    "cashFlow": 0.644,
    "earningsPerShare": 0.19864,
    "freeCashFlowYield": -0.0000100000010000001,
    "priceEarningsRatio": 7.45066,
    "priceToCash": -99999.99,
    "foreignExempt": false,
    "shareDescription": "Ordinary Units Fully Paid",
    "numOfShares": 597336931,
    "yieldAnnual": 10.827118644067797,
    "incomeStatement": [
      {
        "revenue": 167019000,
        "netIncome": 115019000,
        "period": "2022A",
        "fPeriodEndDate": 44742,
        "curCode": "AUD"
      },
      {
        "revenue": 161812000,
        "netIncome": 76936000,
        "period": "2021A",
        "fPeriodEndDate": 44377,
        "curCode": "AUD"
      },
      {
        "revenue": 146420000,
        "netIncome": 23053000,
        "period": "2020A",
        "fPeriodEndDate": 44012,
        "curCode": "AUD"
      },
      {
        "revenue": 109193000,
        "netIncome": 53572000,
        "period": "2019A",
        "fPeriodEndDate": 43646,
        "curCode": "AUD"
      }
    ]
  },
  {
    "symbol": "CHC",
    "displayName": "CHARTER HALL GROUP",
    "industry": "Real Estate",
    "dateListed": "2005-06-10",
    "marketCap": 5439467789,
    "xid": "27871625",
    "priceChangeFiveDayPercent": -5.959183673469391,
    "isRecentListing": false,
    "priceAsk": 11.8,
    "priceBid": 11.200000000000001,
    "priceChange": 0.019999999999999574,
    "priceChangePercent": 0.17391304347825717,
    "priceLast": 11.52,
    "sector": "Real Estate",
    "industryGroup": "Real Estate",
    "securityType": 6,
    "volume": 1530307,
    "statusCode": "",
    "isin": "AU000000CHC0",
    "priceClose": 11.5,
    "priceDayHigh": 11.81,
    "priceDayLow": 11.485,
    "priceFiftyTwoWeekHigh": 22.18,
    "priceFiftyTwoWeekLow": 10.5,
    "volumeAverage": 1704724.892473,
    "dateExDate": "2022-06-29",
    "datePayDate": "2022-08-31",
    "dateRecordDate": "2022-06-30",
    "dividend": 0.2047,
    "dividendType": "F",
    "frankingPercent": 44.94,
    "cashFlow": 411.2,
    "earningsPerShare": 1.91263,
    "freeCashFlowYield": 0.17149746440998873,
    "priceEarningsRatio": 6.03358,
    "priceToCash": 5.83099,
    "foreignExempt": false,
    "shareDescription": "Stapled Securities Us Prohibited",
    "numOfShares": 472997199,
    "yieldAnnual": 3.4895652173913043,
    "incomeStatement": [
      {
        "revenue": 1098300000,
        "netIncome": 911100000,
        "period": "2022A",
        "fPeriodEndDate": 44742,
        "curCode": "AUD"
      },
      {
        "revenue": 668000000,
        "netIncome": 476800000,
        "period": "2021A",
        "fPeriodEndDate": 44377,
        "curCode": "AUD"
      },
      {
        "revenue": 553800000,
        "netIncome": 345900000,
        "period": "2020A",
        "fPeriodEndDate": 44012,
        "curCode": "AUD"
      },
      {
        "revenue": 378500000,
        "netIncome": 235300000,
        "period": "2019A",
        "fPeriodEndDate": 43646,
        "curCode": "AUD"
      }
    ]
  },
  {
    "symbol": "CLW",
    "displayName": "CHARTER HALL LONG WALE REIT",
    "industry": "Real Estate",
    "dateListed": "2016-11-08",
    "marketCap": 2862903645,
    "xid": "367457985",
    "priceChangeFiveDayPercent": -7.981220657276992,
    "isRecentListing": false,
    "priceAsk": 3.96,
    "priceBid": 3.91,
    "priceChange": -0.040000000000000036,
    "priceChangePercent": -1.010101010101011,
    "priceLast": 3.92,
    "sector": "Real Estate",
    "industryGroup": "Real Estate",
    "securityType": 6,
    "volume": 2116060,
    "statusCode": "XD",
    "isin": "AU000000CLW0",
    "priceClose": 3.96,
    "priceDayHigh": 4.07,
    "priceDayLow": 3.91,
    "priceFiftyTwoWeekHigh": 5.44,
    "priceFiftyTwoWeekLow": 3.9,
    "volumeAverage": 2225581.817204,
    "dateExDate": "2022-09-29",
    "datePayDate": "2022-11-11",
    "dateRecordDate": "2022-09-30",
    "dividend": 0.07,
    "dividendType": "I",
    "frankingPercent": 0,
    "cashFlow": 29.258,
    "earningsPerShare": 1.35784,
    "freeCashFlowYield": -0.0000100000010000001,
    "priceEarningsRatio": 2.94586,
    "priceToCash": -99999.99,
    "foreignExempt": false,
    "shareDescription": "Fully Paid Units Stapled Securities",
    "numOfShares": 722955466,
    "yieldAnnual": 7.3232323232323235,
    "incomeStatement": [
      {
        "revenue": 219697000,
        "netIncome": 911899000,
        "period": "2022A",
        "fPeriodEndDate": 44742,
        "curCode": "AUD"
      },
      {
        "revenue": 154602000,
        "netIncome": 618314000,
        "period": "2021A",
        "fPeriodEndDate": 44377,
        "curCode": "AUD"
      },
      {
        "revenue": 126678000,
        "netIncome": 122415000,
        "period": "2020A",
        "fPeriodEndDate": 44012,
        "curCode": "AUD"
      },
      {
        "revenue": 85633000,
        "netIncome": 69559000,
        "period": "2019A",
        "fPeriodEndDate": 43646,
        "curCode": "AUD"
      }
    ]
  },
  {
    "symbol": "CQR",
    "displayName": "CHARTER HALL RETAIL REIT",
    "industry": "Real Estate",
    "dateListed": "1995-11-15",
    "marketCap": 2115675777,
    "xid": "198103",
    "priceChangeFiveDayPercent": -4.427083333333331,
    "isRecentListing": false,
    "priceAsk": 3.8000000000000003,
    "priceBid": 3.6,
    "priceChange": 0.029999999999999805,
    "priceChangePercent": 0.8241758241758188,
    "priceLast": 3.67,
    "sector": "Real Estate",
    "industryGroup": "Real Estate",
    "securityType": 6,
    "volume": 1155100,
    "statusCode": "",
    "isin": "AU000000CQR9",
    "priceClose": 3.64,
    "priceDayHigh": 3.7600000000000002,
    "priceDayLow": 3.66,
    "priceFiftyTwoWeekHigh": 4.51,
    "priceFiftyTwoWeekLow": 3.59,
    "volumeAverage": 1334094.326087,
    "dateExDate": "2022-06-29",
    "datePayDate": "2022-08-31",
    "dateRecordDate": "2022-06-30",
    "dividend": 0.128,
    "dividendType": "F",
    "frankingPercent": 0,
    "cashFlow": 44.4,
    "earningsPerShare": 1.14709,
    "freeCashFlowYield": -0.0000100000010000001,
    "priceEarningsRatio": 3.24299,
    "priceToCash": -99999.99,
    "foreignExempt": false,
    "shareDescription": "Units Fully Paid",
    "numOfShares": 581229609,
    "yieldAnnual": 6.730769230769231,
    "incomeStatement": [
      {
        "revenue": 200800000,
        "netIncome": 663600000,
        "period": "2022A",
        "fPeriodEndDate": 44742,
        "curCode": "AUD"
      },
      {
        "revenue": 191600000,
        "netIncome": 291200000,
        "period": "2021A",
        "fPeriodEndDate": 44377,
        "curCode": "AUD"
      },
      {
        "revenue": 206100000,
        "netIncome": 44200000,
        "period": "2020A",
        "fPeriodEndDate": 44012,
        "curCode": "AUD"
      },
      {
        "revenue": 202000000,
        "netIncome": 53100000,
        "period": "2019A",
        "fPeriodEndDate": 43646,
        "curCode": "AUD"
      }
    ]
  },
  {
    "symbol": "CQE",
    "displayName": "CHARTER HALL SOCIAL INFRASTRUCTURE REIT",
    "industry": "Real Estate",
    "dateListed": "2003-05-22",
    "marketCap": 1095186511,
    "xid": "39731",
    "priceChangeFiveDayPercent": -11.27596439169139,
    "isRecentListing": false,
    "priceAsk": 3.0100000000000002,
    "priceBid": 2.98,
    "priceChange": 0,
    "priceChangePercent": 0,
    "priceLast": 2.99,
    "sector": "Real Estate",
    "industryGroup": "Real Estate",
    "securityType": 6,
    "volume": 929070,
    "statusCode": "XD",
    "isin": "AU0000030645",
    "priceClose": 2.99,
    "priceDayHigh": 3.08,
    "priceDayLow": 2.95,
    "priceFiftyTwoWeekHigh": 4.2,
    "priceFiftyTwoWeekLow": 2.94,
    "volumeAverage": 848890.645161,
    "dateExDate": "2022-09-29",
    "datePayDate": "2022-10-21",
    "dateRecordDate": "2022-09-30",
    "dividend": 0.043,
    "dividendType": "I",
    "frankingPercent": 0,
    "cashFlow": -0.5,
    "earningsPerShare": 0.98407,
    "freeCashFlowYield": -0.0000100000010000001,
    "priceEarningsRatio": 3.19083,
    "priceToCash": -99999.99,
    "foreignExempt": false,
    "shareDescription": "Units Fully Paid",
    "numOfShares": 366283114,
    "yieldAnnual": 5.792642140468227,
    "incomeStatement": [
      {
        "revenue": 104000000,
        "netIncome": 358500000,
        "period": "2022A",
        "fPeriodEndDate": 44742,
        "curCode": "AUD"
      },
      {
        "revenue": 90600000,
        "netIncome": 174100000,
        "period": "2021A",
        "fPeriodEndDate": 44377,
        "curCode": "AUD"
      },
      {
        "revenue": 86200000,
        "netIncome": 85900000,
        "period": "2020A",
        "fPeriodEndDate": 44012,
        "curCode": "AUD"
      },
      {
        "revenue": 78700000,
        "netIncome": 68700000,
        "period": "2019A",
        "fPeriodEndDate": 43646,
        "curCode": "AUD"
      }
    ]
  },
  {
    "symbol": "CMW",
    "displayName": "CROMWELL PROPERTY GROUP",
    "industry": "Real Estate",
    "dateListed": "1973-02-22",
    "marketCap": 1767735022,
    "xid": "78042",
    "priceChangeFiveDayPercent": -8.904109589041088,
    "isRecentListing": false,
    "priceAsk": 0.67,
    "priceBid": 0.665,
    "priceChange": -0.010000000000000009,
    "priceChangePercent": -1.4814814814814827,
    "priceLast": 0.665,
    "sector": "Real Estate",
    "industryGroup": "Real Estate",
    "securityType": 6,
    "volume": 3035920,
    "statusCode": "XD",
    "isin": "AU000000CMW8",
    "priceClose": 0.675,
    "priceDayHigh": 0.685,
    "priceDayLow": 0.66,
    "priceFiftyTwoWeekHigh": 0.905,
    "priceFiftyTwoWeekLow": 0.66,
    "volumeAverage": 3094195.591398,
    "dateExDate": "2022-09-29",
    "datePayDate": "2022-11-18",
    "dateRecordDate": "2022-09-30",
    "dividend": 0.0138,
    "dividendType": "I",
    "frankingPercent": 0,
    "cashFlow": 4.4,
    "earningsPerShare": 0.10017,
    "freeCashFlowYield": 0.1468465438931662,
    "priceEarningsRatio": 6.98812,
    "priceToCash": 6.80983,
    "foreignExempt": false,
    "shareDescription": "Fully Paid Ordinary/units Stapled Securities",
    "numOfShares": 2618866699,
    "yieldAnnual": 9.25925925925926,
    "incomeStatement": [
      {
        "revenue": 377600000,
        "netIncome": 263200000,
        "period": "2022A",
        "fPeriodEndDate": 44742,
        "curCode": "AUD"
      },
      {
        "revenue": 375500000,
        "netIncome": 308200000,
        "period": "2021A",
        "fPeriodEndDate": 44377,
        "curCode": "AUD"
      },
      {
        "revenue": 416000000,
        "netIncome": 181100000,
        "period": "2020A",
        "fPeriodEndDate": 44012,
        "curCode": "AUD"
      },
      {
        "revenue": 314600000,
        "netIncome": 159900000,
        "period": "2019A",
        "fPeriodEndDate": 43646,
        "curCode": "AUD"
      }
    ]
  },
  {
    "symbol": "DGH",
    "displayName": "DESANE GROUP HOLDINGS LIMITED",
    "industry": "Real Estate",
    "dateListed": "1987-09-04",
    "marketCap": 38864491,
    "xid": "89264",
    "priceChangeFiveDayPercent": 1.1686558153949017e-14,
    "isRecentListing": false,
    "priceAsk": 1.02,
    "priceBid": 0.92,
    "priceChange": 0,
    "priceChangePercent": 0,
    "priceLast": 0.9500000000000001,
    "sector": "Real Estate",
    "industryGroup": "Real Estate",
    "securityType": 1,
    "volume": 0,
    "statusCode": "",
    "isin": "AU000000DGH9",
    "priceClose": 0.9500000000000001,
    "priceFiftyTwoWeekHigh": 1.25,
    "priceFiftyTwoWeekLow": 0.95,
    "volumeAverage": 8962.25,
    "dateExDate": "2021-10-11",
    "datePayDate": "2021-10-25",
    "dateRecordDate": "2021-10-12",
    "dividend": 0.0225,
    "dividendType": "F",
    "frankingPercent": 0,
    "cashFlow": -1.255,
    "earningsPerShare": 0.11348,
    "freeCashFlowYield": 0.12075296720228659,
    "priceEarningsRatio": 8.37152,
    "priceToCash": 8.28137,
    "foreignExempt": false,
    "shareDescription": "Ordinary Fully Paid",
    "numOfShares": 40909990,
    "yieldAnnual": 2.3684210526315788,
    "incomeStatement": [
      {
        "revenue": 2543000,
        "netIncome": 4644000,
        "period": "2022A",
        "fPeriodEndDate": 44742,
        "curCode": "AUD"
      },
      {
        "revenue": 2625000,
        "netIncome": 1806000,
        "period": "2021A",
        "fPeriodEndDate": 44377,
        "curCode": "AUD"
      },
      {
        "revenue": 2310000,
        "netIncome": 2257000,
        "period": "2020A",
        "fPeriodEndDate": 44012,
        "curCode": "AUD"
      },
      {
        "revenue": 4152000,
        "netIncome": 27297000,
        "period": "2019A",
        "fPeriodEndDate": 43646,
        "curCode": "AUD"
      }
    ]
  },
  {
    "symbol": "DXS",
    "displayName": "DEXUS",
    "industry": "Real Estate",
    "dateListed": "2004-10-06",
    "marketCap": 8206562827,
    "xid": "92660",
    "priceChangeFiveDayPercent": -4.4280442804428075,
    "isRecentListing": false,
    "priceAsk": 8.1,
    "priceBid": 7.72,
    "priceChange": 0.14000000000000057,
    "priceChangePercent": 1.8348623853211083,
    "priceLast": 7.7700000000000005,
    "sector": "Real Estate",
    "industryGroup": "Real Estate",
    "securityType": 6,
    "volume": 4760962,
    "statusCode": "",
    "isin": "AU000000DXS1",
    "priceClose": 7.63,
    "priceDayHigh": 7.99,
    "priceDayLow": 7.73,
    "priceFiftyTwoWeekHigh": 11.5,
    "priceFiftyTwoWeekLow": 7.39,
    "volumeAverage": 3601839.032258,
    "dateExDate": "2022-06-29",
    "datePayDate": "2022-08-30",
    "dateRecordDate": "2022-06-30",
    "dividend": 0.252,
    "dividendType": "F",
    "frankingPercent": 18.45,
    "cashFlow": 5.2,
    "earningsPerShare": 1.48354,
    "freeCashFlowYield": -0.0000100000010000001,
    "priceEarningsRatio": 5.23747,
    "priceToCash": -99999.99,
    "foreignExempt": false,
    "shareDescription": "Fully Paid Units Stapled Securities",
    "numOfShares": 1075565246,
    "yieldAnnual": 6.972477064220183,
    "incomeStatement": [
      {
        "revenue": 874300000,
        "netIncome": 1615900000,
        "period": "2022A",
        "fPeriodEndDate": 44742,
        "curCode": "AUD"
      },
      {
        "revenue": 1015900000,
        "netIncome": 1138400000,
        "period": "2021A",
        "fPeriodEndDate": 44377,
        "curCode": "AUD"
      },
      {
        "revenue": 991900000,
        "netIncome": 972700000,
        "period": "2020A",
        "fPeriodEndDate": 44012,
        "curCode": "AUD"
      },
      {
        "revenue": 795100000,
        "netIncome": 1281000000,
        "period": "2019A",
        "fPeriodEndDate": 43646,
        "curCode": "AUD"
      }
    ]
  },
  {
    "symbol": "DXC",
    "displayName": "DEXUS CONVENIENCE RETAIL REIT",
    "industry": "Real Estate",
    "dateListed": "2017-07-27",
    "marketCap": 377452983,
    "xid": "418813887",
    "priceChangeFiveDayPercent": -3.1914893617021227,
    "isRecentListing": false,
    "priceAsk": 2.77,
    "priceBid": 2.71,
    "priceChange": -0.010000000000000231,
    "priceChangePercent": -0.3649635036496434,
    "priceLast": 2.73,
    "sector": "Real Estate",
    "industryGroup": "Real Estate",
    "securityType": 6,
    "volume": 150583,
    "statusCode": "XD",
    "isin": "AU0000179061",
    "priceClose": 2.74,
    "priceDayHigh": 2.7600000000000002,
    "priceDayLow": 2.71,
    "priceFiftyTwoWeekHigh": 3.69,
    "priceFiftyTwoWeekLow": 2.59,
    "volumeAverage": 266886.445652,
    "dateExDate": "2022-09-29",
    "datePayDate": "2022-11-10",
    "dateRecordDate": "2022-09-30",
    "dividend": 0.053,
    "dividendType": "I",
    "frankingPercent": 0,
    "cashFlow": -0.92,
    "earningsPerShare": 0.60602,
    "freeCashFlowYield": -0.0000100000010000001,
    "priceEarningsRatio": 4.58731,
    "priceToCash": -99999.99,
    "foreignExempt": false,
    "shareDescription": "Fully Paid Units Stapled Securities",
    "numOfShares": 137756563,
    "yieldAnnual": 7.985401459854015,
    "incomeStatement": [
      {
        "revenue": 55424000,
        "netIncome": 82639000,
        "period": "2022A",
        "fPeriodEndDate": 44742,
        "curCode": "AUD"
      },
      {
        "revenue": 41190000,
        "netIncome": 73818000,
        "period": "2021A",
        "fPeriodEndDate": 44377,
        "curCode": "AUD"
      },
      {
        "revenue": 33350000,
        "netIncome": 45799000,
        "period": "2020A",
        "fPeriodEndDate": 44012,
        "curCode": "AUD"
      },
      {
        "revenue": 31669000,
        "netIncome": 24001000,
        "period": "2019A",
        "fPeriodEndDate": 43646,
        "curCode": "AUD"
      }
    ]
  },
  {
    "symbol": "DXI",
    "displayName": "DEXUS INDUSTRIA REIT.",
    "industry": "Real Estate",
    "dateListed": "2013-12-03",
    "marketCap": 755102629,
    "xid": "69855769",
    "priceChangeFiveDayPercent": -9.230769230769239,
    "isRecentListing": false,
    "priceAsk": 3.08,
    "priceBid": 2.3000000000000003,
    "priceChange": -0.020000000000000018,
    "priceChangePercent": -0.8403361344537823,
    "priceLast": 2.36,
    "sector": "Real Estate",
    "industryGroup": "Real Estate",
    "securityType": 6,
    "volume": 640661,
    "statusCode": "XD",
    "isin": "AU0000192833",
    "priceClose": 2.38,
    "priceDayHigh": 2.41,
    "priceDayLow": 2.33,
    "priceFiftyTwoWeekHigh": 3.59,
    "priceFiftyTwoWeekLow": 2.33,
    "volumeAverage": 361369.021505,
    "dateExDate": "2022-09-29",
    "datePayDate": "2022-11-10",
    "dateRecordDate": "2022-09-30",
    "dividend": 0.041,
    "dividendType": "I",
    "frankingPercent": 0,
    "cashFlow": 2.165,
    "earningsPerShare": 0.58269,
    "freeCashFlowYield": -0.0000100000010000001,
    "priceEarningsRatio": 4.18748,
    "priceToCash": -99999.99,
    "foreignExempt": false,
    "shareDescription": "Fully Paid Ordinary/units Stapled Securities",
    "numOfShares": 317270012,
    "yieldAnnual": 7.1722689075630255,
    "incomeStatement": [
      {
        "revenue": 74727000,
        "netIncome": 169350000,
        "period": "2022A",
        "fPeriodEndDate": 44742,
        "curCode": "AUD"
      },
      {
        "revenue": 65666000,
        "netIncome": 119197000,
        "period": "2021A",
        "fPeriodEndDate": 44377,
        "curCode": "AUD"
      },
      {
        "revenue": 61904000,
        "netIncome": 54836000,
        "period": "2020A",
        "fPeriodEndDate": 44012,
        "curCode": "AUD"
      },
      {
        "revenue": 55352000,
        "netIncome": 29243000,
        "period": "2019A",
        "fPeriodEndDate": 43646,
        "curCode": "AUD"
      }
    ]
  },
  {
    "symbol": "ECF",
    "displayName": "ELANOR COMMERCIAL PROPERTY FUND",
    "industry": "Real Estate",
    "dateListed": "2019-12-06",
    "marketCap": 297562972,
    "xid": "565628840",
    "priceChangeFiveDayPercent": -2.6041666666666576,
    "isRecentListing": false,
    "priceAsk": 0.935,
    "priceBid": 0.915,
    "priceChange": -0.0050000000000000044,
    "priceChangePercent": -0.5319148936170217,
    "priceLast": 0.935,
    "sector": "Real Estate",
    "industryGroup": "Real Estate",
    "securityType": 6,
    "volume": 100175,
    "statusCode": "XD",
    "isin": "AU0000063893",
    "priceClose": 0.9400000000000001,
    "priceDayHigh": 0.935,
    "priceDayLow": 0.91,
    "priceFiftyTwoWeekHigh": 1.13362,
    "priceFiftyTwoWeekLow": 0.91,
    "volumeAverage": 192400.612903,
    "dateExDate": "2022-09-29",
    "datePayDate": "2022-11-03",
    "dateRecordDate": "2022-09-30",
    "dividend": 0.0235,
    "dividendType": "I",
    "frankingPercent": 0,
    "cashFlow": 8.993,
    "earningsPerShare": 0.15879,
    "freeCashFlowYield": -0.0000100000010000001,
    "priceEarningsRatio": 6.01423,
    "priceToCash": -99999.99,
    "foreignExempt": false,
    "shareDescription": "Fully Paid Units Stapled Securities",
    "numOfShares": 316556353,
    "yieldAnnual": 0,
    "incomeStatement": [
      {
        "revenue": 47055000,
        "netIncome": 43948000,
        "period": "2022A",
        "fPeriodEndDate": 44742,
        "curCode": "AUD"
      },
      {
        "revenue": 40028000,
        "netIncome": 31255000,
        "period": "2021A",
        "fPeriodEndDate": 44377,
        "curCode": "AUD"
      },
      {
        "revenue": 34456000,
        "netIncome": -3651000,
        "period": "2020A",
        "fPeriodEndDate": 44012,
        "curCode": "AUD"
      },
      {
        "revenue": 26188000,
        "netIncome": 11105000,
        "period": "2019A",
        "fPeriodEndDate": 43646,
        "curCode": "AUD"
      }
    ]
  },
  {
    "symbol": "ERF",
    "displayName": "ELANOR RETAIL PROPERTY FUND",
    "industry": "Real Estate",
    "dateListed": "2016-11-09",
    "marketCap": 143676816,
    "xid": "370131240",
    "priceChangeFiveDayPercent": 0,
    "isRecentListing": false,
    "priceAsk": 1.1300000000000001,
    "priceBid": 1.125,
    "priceChange": 0,
    "priceChangePercent": 0,
    "priceLast": 1.125,
    "sector": "Real Estate",
    "industryGroup": "Real Estate",
    "securityType": 6,
    "volume": 17725,
    "statusCode": "XQ",
    "isin": "AU000000ERF8",
    "priceClose": 1.125,
    "priceDayHigh": 1.1300000000000001,
    "priceDayLow": 1.125,
    "priceFiftyTwoWeekHigh": 1.15,
    "priceFiftyTwoWeekLow": 1.01,
    "volumeAverage": 122464.467532,
    "dateExDate": "2022-06-29",
    "datePayDate": "2022-08-31",
    "dateRecordDate": "2022-06-30",
    "dividend": 0.0365,
    "dividendType": "F",
    "frankingPercent": 0,
    "cashFlow": -18.195,
    "earningsPerShare": 0.02765,
    "freeCashFlowYield": -0.0000100000010000001,
    "priceEarningsRatio": 40.86799,
    "priceToCash": -99999.99,
    "foreignExempt": false,
    "shareDescription": "Fully Paid Units Stapled Securities",
    "numOfShares": 127712725,
    "yieldAnnual": 0,
    "incomeStatement": [
      {
        "revenue": 18231000,
        "netIncome": 3528000,
        "period": "2022A",
        "fPeriodEndDate": 44742,
        "curCode": "AUD"
      },
      {
        "revenue": 24441000,
        "netIncome": 7157000,
        "period": "2021A",
        "fPeriodEndDate": 44377,
        "curCode": "AUD"
      },
      {
        "revenue": 29921000,
        "netIncome": -11964000,
        "period": "2020A",
        "fPeriodEndDate": 44012,
        "curCode": "AUD"
      },
      {
        "revenue": 31302000,
        "netIncome": 20015000,
        "period": "2019A",
        "fPeriodEndDate": 43646,
        "curCode": "AUD"
      }
    ]
  },
  {
    "symbol": "EGH",
    "displayName": "EUREKA GROUP HOLDINGS LIMITED",
    "industry": "Real Estate",
    "dateListed": "2004-07-01",
    "marketCap": 135196317,
    "xid": "249956",
    "priceChangeFiveDayPercent": 1.9477596923248362e-14,
    "isRecentListing": false,
    "priceAsk": 0.5700000000000001,
    "priceBid": 0.55,
    "priceChange": 0,
    "priceChangePercent": 0,
    "priceLast": 0.5700000000000001,
    "sector": "Real Estate",
    "industryGroup": "Real Estate",
    "securityType": 1,
    "volume": 0,
    "statusCode": "XD",
    "isin": "AU000000EGH7",
    "priceClose": 0.5700000000000001,
    "priceFiftyTwoWeekHigh": 0.725,
    "priceFiftyTwoWeekLow": 0.5,
    "volumeAverage": 95206.140845,
    "dateExDate": "2022-09-15",
    "datePayDate": "2022-10-06",
    "dateRecordDate": "2022-09-16",
    "dividend": 0.0063,
    "dividendType": "F",
    "frankingPercent": 0,
    "cashFlow": 0.626,
    "earningsPerShare": 0.03472,
    "freeCashFlowYield": 0.06367013775034303,
    "priceEarningsRatio": 16.99309,
    "priceToCash": 15.70595,
    "foreignExempt": false,
    "shareDescription": "Ordinary Fully Paid",
    "numOfShares": 237186521,
    "yieldAnnual": 2.2105263157894735,
    "incomeStatement": [
      {
        "revenue": 29749000,
        "netIncome": 8173000,
        "period": "2022A",
        "fPeriodEndDate": 44742,
        "curCode": "AUD"
      },
      {
        "revenue": 27582000,
        "netIncome": 6283000,
        "period": "2021A",
        "fPeriodEndDate": 44377,
        "curCode": "AUD"
      },
      {
        "revenue": 24809000,
        "netIncome": 8095000,
        "period": "2020A",
        "fPeriodEndDate": 44012,
        "curCode": "AUD"
      },
      {
        "revenue": 25786000,
        "netIncome": 6794000,
        "period": "2019A",
        "fPeriodEndDate": 43646,
        "curCode": "AUD"
      }
    ]
  },
  {
    "symbol": "FRI",
    "displayName": "FINBAR GROUP LIMITED",
    "industry": "Real Estate",
    "dateListed": "1994-08-05",
    "marketCap": 182322505,
    "xid": "112341",
    "priceChangeFiveDayPercent": 3.1250000000000027,
    "isRecentListing": false,
    "priceAsk": 0.66,
    "priceBid": 0.65,
    "priceChange": -0.010000000000000009,
    "priceChangePercent": -1.492537313432837,
    "priceLast": 0.66,
    "sector": "Real Estate",
    "industryGroup": "Real Estate",
    "securityType": 1,
    "volume": 15309,
    "statusCode": "",
    "isin": "AU000000FRI9",
    "priceClose": 0.67,
    "priceDayHigh": 0.67,
    "priceDayLow": 0.66,
    "priceFiftyTwoWeekHigh": 0.87,
    "priceFiftyTwoWeekLow": 0.64,
    "volumeAverage": 34219.363636,
    "dateExDate": "2022-08-08",
    "datePayDate": "2022-09-09",
    "dateRecordDate": "2022-08-09",
    "dividend": 0.02,
    "dividendType": "F",
    "frankingPercent": 100,
    "cashFlow": -21.022,
    "earningsPerShare": 0.04007,
    "freeCashFlowYield": -0.0000100000010000001,
    "priceEarningsRatio": 15.97205,
    "priceToCash": -99999.99,
    "foreignExempt": false,
    "shareDescription": "Ordinary Fully Paid",
    "numOfShares": 272123142,
    "yieldAnnual": 5.970149253731344,
    "incomeStatement": [
      {
        "revenue": 90291000,
        "netIncome": 10906000,
        "period": "2022A",
        "fPeriodEndDate": 44742,
        "curCode": "AUD"
      },
      {
        "revenue": 101965000,
        "netIncome": 8847000,
        "period": "2021A",
        "fPeriodEndDate": 44377,
        "curCode": "AUD"
      },
      {
        "revenue": 154307000,
        "netIncome": 6624000,
        "period": "2020A",
        "fPeriodEndDate": 44012,
        "curCode": "AUD"
      },
      {
        "revenue": 154690070,
        "netIncome": 11386820,
        "period": "2019A",
        "fPeriodEndDate": 43646,
        "curCode": "AUD"
      }
    ]
  },
  {
    "symbol": "GDF",
    "displayName": "GARDA PROPERTY GROUP",
    "industry": "Real Estate",
    "dateListed": "2015-07-02",
    "marketCap": 314149218,
    "xid": "276022715",
    "priceChangeFiveDayPercent": -7.236842105263165,
    "isRecentListing": false,
    "priceAsk": 1.41,
    "priceBid": 1.4000000000000001,
    "priceChange": 0.029999999999999805,
    "priceChangePercent": 2.1739130434782465,
    "priceLast": 1.41,
    "sector": "Real Estate",
    "industryGroup": "Real Estate",
    "securityType": 6,
    "volume": 8224,
    "statusCode": "XD",
    "isin": "AU000000GDF3",
    "priceClose": 1.3800000000000001,
    "priceDayHigh": 1.41,
    "priceDayLow": 1.37,
    "priceFiftyTwoWeekHigh": 1.77,
    "priceFiftyTwoWeekLow": 1.37,
    "volumeAverage": 80745.793478,
    "dateExDate": "2022-09-29",
    "datePayDate": "2022-10-17",
    "dateRecordDate": "2022-09-30",
    "dividend": 0.018,
    "dividendType": "I",
    "frankingPercent": 0,
    "cashFlow": 2.924,
    "earningsPerShare": 0.62896,
    "freeCashFlowYield": 0.4291532377466022,
    "priceEarningsRatio": 2.28949,
    "priceToCash": 2.33017,
    "foreignExempt": false,
    "shareDescription": "Fully Paid Ordinary/units Stapled Securities",
    "numOfShares": 227644361,
    "yieldAnnual": 5.217391304347825,
    "incomeStatement": [
      {
        "revenue": 33722000,
        "netIncome": 140519000,
        "period": "2022A",
        "fPeriodEndDate": 44742,
        "curCode": "AUD"
      },
      {
        "revenue": 30497000,
        "netIncome": 35689000,
        "period": "2021A",
        "fPeriodEndDate": 44377,
        "curCode": "AUD"
      },
      {
        "revenue": 29156000,
        "netIncome": 5567000,
        "period": "2020A",
        "fPeriodEndDate": 44012,
        "curCode": "AUD"
      },
      {
        "revenue": 25462000,
        "netIncome": 28780000,
        "period": "2019A",
        "fPeriodEndDate": 43646,
        "curCode": "AUD"
      }
    ]
  },
  {
    "symbol": "GDI",
    "displayName": "GDI PROPERTY GROUP",
    "industry": "Real Estate",
    "dateListed": "2013-12-17",
    "marketCap": 429506079,
    "xid": "70353567",
    "priceChangeFiveDayPercent": -6.857142857142851,
    "isRecentListing": false,
    "priceAsk": 0.85,
    "priceBid": 0.8,
    "priceChange": 0.010000000000000009,
    "priceChangePercent": 1.2422360248447215,
    "priceLast": 0.8150000000000001,
    "sector": "Real Estate",
    "industryGroup": "Real Estate",
    "securityType": 6,
    "volume": 626408,
    "statusCode": "",
    "isin": "AU000000GDI7",
    "priceClose": 0.805,
    "priceDayHigh": 0.8300000000000001,
    "priceDayLow": 0.805,
    "priceFiftyTwoWeekHigh": 1.2,
    "priceFiftyTwoWeekLow": 0.8,
    "volumeAverage": 787704.634409,
    "dateExDate": "2022-06-29",
    "datePayDate": "2022-08-31",
    "dateRecordDate": "2022-06-30",
    "dividend": 0.0387,
    "dividendType": "F",
    "frankingPercent": 0,
    "cashFlow": -13.852,
    "earningsPerShare": 0.08853,
    "freeCashFlowYield": 0.15342553184960617,
    "priceEarningsRatio": 9.43183,
    "priceToCash": 6.51782,
    "foreignExempt": false,
    "shareDescription": "Fully Paid Ordinary/units Stapled Securities",
    "numOfShares": 533547924,
    "yieldAnnual": 9.627329192546584,
    "incomeStatement": [
      {
        "revenue": 44328000,
        "netIncome": 48130000,
        "period": "2022A",
        "fPeriodEndDate": 44742,
        "curCode": "AUD"
      },
      {
        "revenue": 54809000,
        "netIncome": 15985000,
        "period": "2021A",
        "fPeriodEndDate": 44377,
        "curCode": "AUD"
      },
      {
        "revenue": 70295000,
        "netIncome": 67103000,
        "period": "2020A",
        "fPeriodEndDate": 44012,
        "curCode": "AUD"
      },
      {
        "revenue": 77808000,
        "netIncome": 81614000,
        "period": "2019A",
        "fPeriodEndDate": 43646,
        "curCode": "AUD"
      }
    ]
  },
  {
    "symbol": "GMG",
    "displayName": "GOODMAN GROUP",
    "industry": "Real Estate",
    "dateListed": "2005-02-02",
    "marketCap": 30275552317,
    "xid": "200328",
    "priceChangeFiveDayPercent": -7.521367521367523,
    "isRecentListing": false,
    "priceAsk": 16.34,
    "priceBid": 16.1,
    "priceChange": 0.129999999999999,
    "priceChangePercent": 0.8074534161490621,
    "priceLast": 16.23,
    "sector": "Real Estate",
    "industryGroup": "Real Estate",
    "securityType": 6,
    "volume": 4474823,
    "statusCode": "",
    "isin": "AU000000GMG2",
    "priceClose": 16.1,
    "priceDayHigh": 16.51,
    "priceDayLow": 16.06,
    "priceFiftyTwoWeekHigh": 26.96,
    "priceFiftyTwoWeekLow": 15.78,
    "volumeAverage": 4274205.698925,
    "dateExDate": "2022-06-29",
    "datePayDate": "2022-08-25",
    "dateRecordDate": "2022-06-30",
    "dividend": 0.15,
    "dividendType": "F",
    "frankingPercent": 0,
    "cashFlow": 277.9,
    "earningsPerShare": 1.7893,
    "freeCashFlowYield": -0.0000100000010000001,
    "priceEarningsRatio": 9.37797,
    "priceToCash": -99999.99,
    "foreignExempt": false,
    "shareDescription": "Fully Paid Ordinary/units Stapled Securities",
    "numOfShares": 1880469088,
    "yieldAnnual": 1.8633540372670807,
    "incomeStatement": [
      {
        "revenue": 2091800000,
        "netIncome": 3414000000,
        "period": "2022A",
        "fPeriodEndDate": 44742,
        "curCode": "AUD"
      },
      {
        "revenue": 1988300000,
        "netIncome": 2311900000,
        "period": "2021A",
        "fPeriodEndDate": 44377,
        "curCode": "AUD"
      },
      {
        "revenue": 1510900000,
        "netIncome": 1504100000,
        "period": "2020A",
        "fPeriodEndDate": 44012,
        "curCode": "AUD"
      },
      {
        "revenue": 1718600000,
        "netIncome": 1627900000,
        "period": "2019A",
        "fPeriodEndDate": 43646,
        "curCode": "AUD"
      }
    ]
  },
  {
    "symbol": "GPS",
    "displayName": "GPS ALLIANCE HOLDINGS LIMITED",
    "industry": "Real Estate",
    "dateListed": "2013-07-02",
    "marketCap": -1,
    "xid": "58120372",
    "priceChangeFiveDayPercent": 0,
    "isRecentListing": false,
    "priceChange": 0,
    "priceChangePercent": 0,
    "priceLast": 0.041,
    "sector": "Real Estate",
    "industryGroup": "Real Estate",
    "securityType": 1,
    "volume": 0,
    "statusCode": "",
    "isin": "AU000000GPS0",
    "priceClose": 0.041,
    "priceFiftyTwoWeekHigh": 0.041,
    "priceFiftyTwoWeekLow": 0.041,
    "cashFlow": 0.0514,
    "earningsPerShare": -0.00454,
    "freeCashFlowYield": -0.0000100000010000001,
    "priceEarningsRatio": -99999.99,
    "priceToCash": -99999.99,
    "foreignExempt": false,
    "shareDescription": "Ordinary Fully Paid",
    "numOfShares": 130458689,
    "yieldAnnual": 0,
    "incomeStatement": [
      {
        "revenue": 312000,
        "netIncome": -810000,
        "period": "2021A",
        "fPeriodEndDate": 44561,
        "curCode": "SGD"
      },
      {
        "revenue": 37000,
        "netIncome": -1393000,
        "period": "2020A",
        "fPeriodEndDate": 44196,
        "curCode": "SGD"
      },
      {
        "revenue": 1067000,
        "netIncome": -1454000,
        "period": "2019A",
        "fPeriodEndDate": 43830,
        "curCode": "SGD"
      },
      {
        "revenue": 284000,
        "netIncome": -261000,
        "period": "2018A",
        "fPeriodEndDate": 43465,
        "curCode": "SGD"
      }
    ]
  },
  {
    "symbol": "GPT",
    "displayName": "GPT GROUP",
    "industry": "Real Estate",
    "dateListed": "1971-04-01",
    "marketCap": 7183415363,
    "xid": "141354",
    "priceChangeFiveDayPercent": -5.21091811414392,
    "isRecentListing": false,
    "priceAsk": 3.85,
    "priceBid": 3.77,
    "priceChange": 0.07000000000000028,
    "priceChangePercent": 1.8666666666666742,
    "priceLast": 3.8200000000000003,
    "sector": "Real Estate",
    "industryGroup": "Real Estate",
    "securityType": 6,
    "volume": 5298634,
    "statusCode": "",
    "isin": "AU000000GPT8",
    "priceClose": 3.75,
    "priceDayHigh": 3.86,
    "priceDayLow": 3.81,
    "priceFiftyTwoWeekHigh": 5.59,
    "priceFiftyTwoWeekLow": 3.68,
    "volumeAverage": 5326642.419355,
    "dateExDate": "2022-08-18",
    "datePayDate": "2022-08-31",
    "dateRecordDate": "2022-08-19",
    "dividend": 0.127,
    "dividendType": "I",
    "frankingPercent": 0,
    "cashFlow": 51.2,
    "earningsPerShare": 0.62204,
    "freeCashFlowYield": 0.16400406074054394,
    "priceEarningsRatio": 6.14108,
    "priceToCash": 6.09741,
    "foreignExempt": false,
    "shareDescription": "Fully Paid Ordinary/units Stapled Securities",
    "numOfShares": 1915577430,
    "yieldAnnual": 6.026666666666666,
    "incomeStatement": [
      {
        "revenue": 795200000,
        "netIncome": 1422800000,
        "period": "2021A",
        "fPeriodEndDate": 44561,
        "curCode": "AUD"
      },
      {
        "revenue": 716700000,
        "netIncome": -213100000,
        "period": "2020A",
        "fPeriodEndDate": 44196,
        "curCode": "AUD"
      },
      {
        "revenue": 807000000,
        "netIncome": 880000000,
        "period": "2019A",
        "fPeriodEndDate": 43830,
        "curCode": "AUD"
      },
      {
        "revenue": 752500000,
        "netIncome": 1451700000,
        "period": "2018A",
        "fPeriodEndDate": 43465,
        "curCode": "AUD"
      }
    ]
  },
  {
    "symbol": "GOZ",
    "displayName": "GROWTHPOINT PROPERTIES AUSTRALIA",
    "industry": "Real Estate",
    "dateListed": "2007-07-04",
    "marketCap": 2338159782,
    "xid": "7486256",
    "priceChangeFiveDayPercent": -8.408408408408402,
    "isRecentListing": false,
    "priceAsk": 3.0500000000000003,
    "priceBid": 3.04,
    "priceChange": 0.020000000000000018,
    "priceChangePercent": 0.6600660066006606,
    "priceLast": 3.0500000000000003,
    "sector": "Real Estate",
    "industryGroup": "Real Estate",
    "securityType": 6,
    "volume": 784240,
    "statusCode": "",
    "isin": "AU000000GOZ8",
    "priceClose": 3.0300000000000002,
    "priceDayHigh": 3.15,
    "priceDayLow": 3.0300000000000002,
    "priceFiftyTwoWeekHigh": 4.48,
    "priceFiftyTwoWeekLow": 2.96,
    "volumeAverage": 705692.365591,
    "dateExDate": "2022-06-29",
    "datePayDate": "2022-08-31",
    "dateRecordDate": "2022-06-30",
    "dividend": 0.104,
    "dividendType": "F",
    "frankingPercent": 0,
    "cashFlow": 25.6,
    "earningsPerShare": 0.59357,
    "freeCashFlowYield": 0.1917339652884829,
    "priceEarningsRatio": 5.27318,
    "priceToCash": 5.21556,
    "foreignExempt": false,
    "shareDescription": "Fully Paid Ordinary/units Stapled Securities",
    "numOfShares": 771669895,
    "yieldAnnual": 6.864686468646865,
    "incomeStatement": [
      {
        "revenue": 303700000,
        "netIncome": 459200000,
        "period": "2022A",
        "fPeriodEndDate": 44742,
        "curCode": "AUD"
      },
      {
        "revenue": 288700000,
        "netIncome": 553200000,
        "period": "2021A",
        "fPeriodEndDate": 44377,
        "curCode": "AUD"
      },
      {
        "revenue": 287300000,
        "netIncome": 272100000,
        "period": "2020A",
        "fPeriodEndDate": 44012,
        "curCode": "AUD"
      },
      {
        "revenue": 277194000,
        "netIncome": 375292000,
        "period": "2019A",
        "fPeriodEndDate": 43646,
        "curCode": "AUD"
      }
    ]
  },
  {
    "symbol": "HCW",
    "displayName": "HEALTHCO HEALTHCARE AND WELLNESS REIT",
    "industry": "Real Estate",
    "dateListed": "2021-09-06",
    "marketCap": 459123425,
    "xid": "674091856",
    "priceChangeFiveDayPercent": -8.33333333333334,
    "isRecentListing": false,
    "priceAsk": 1.595,
    "priceBid": 1.3900000000000001,
    "priceChange": 0.020000000000000018,
    "priceChangePercent": 1.4184397163120581,
    "priceLast": 1.43,
    "sector": "Real Estate",
    "industryGroup": "Real Estate",
    "securityType": 6,
    "volume": 352391,
    "statusCode": "XD",
    "isin": "AU0000169302",
    "priceClose": 1.41,
    "priceDayHigh": 1.46,
    "priceDayLow": 1.3900000000000001,
    "priceFiftyTwoWeekHigh": 2.4,
    "priceFiftyTwoWeekLow": 1.365,
    "volumeAverage": 445475.580645,
    "dateExDate": "2022-09-29",
    "datePayDate": "2022-11-25",
    "dateRecordDate": "2022-09-30",
    "dividend": 0.0187,
    "dividendType": "I",
    "frankingPercent": 0,
    "cashFlow": 23.587,
    "earningsPerShare": 0.15256,
    "freeCashFlowYield": -0.0000100000010000001,
    "priceEarningsRatio": 9.76665,
    "priceToCash": -99999.99,
    "foreignExempt": false,
    "shareDescription": "Ordinary Units Fully Paid",
    "numOfShares": 325619450,
    "yieldAnnual": 0,
    "incomeStatement": [
      {
        "revenue": 27490000,
        "netIncome": 49612000,
        "period": "2022A",
        "fPeriodEndDate": 44742,
        "curCode": "AUD"
      }
    ]
  },
  {
    "symbol": "HMC",
    "displayName": "HOME CONSORTIUM LIMITED",
    "industry": "Real Estate",
    "dateListed": "2019-10-14",
    "marketCap": 1365528238,
    "xid": "698247246",
    "priceChangeFiveDayPercent": -8.384458077709597,
    "isRecentListing": false,
    "priceAsk": 4.88,
    "priceBid": 4.46,
    "priceChange": -0.05999999999999961,
    "priceChangePercent": -1.3215859030836918,
    "priceLast": 4.48,
    "sector": "Real Estate",
    "industryGroup": "Real Estate",
    "securityType": 1,
    "volume": 567271,
    "statusCode": "RE|XD",
    "isin": "AU0000058943",
    "priceClose": 4.54,
    "priceDayHigh": 4.71,
    "priceDayLow": 4.46,
    "priceFiftyTwoWeekHigh": 8.39,
    "priceFiftyTwoWeekLow": 4.12,
    "volumeAverage": 493713.290323,
    "dateExDate": "2022-09-01",
    "datePayDate": "2022-10-07",
    "dateRecordDate": "2022-09-02",
    "dividend": 0.06,
    "dividendType": "F",
    "frankingPercent": 100,
    "cashFlow": -33.227,
    "earningsPerShare": 0.26244,
    "freeCashFlowYield": -0.0000100000010000001,
    "priceEarningsRatio": 17.68023,
    "priceToCash": -99999.99,
    "foreignExempt": false,
    "shareDescription": "Ordinary Fully Paid",
    "numOfShares": 300777145,
    "yieldAnnual": 0,
    "incomeStatement": [
      {
        "revenue": 78592000,
        "netIncome": 77249000,
        "period": "2022A",
        "fPeriodEndDate": 44742,
        "curCode": "AUD"
      },
      {
        "revenue": 69397000,
        "netIncome": -89991000,
        "period": "2021A",
        "fPeriodEndDate": 44377,
        "curCode": "AUD"
      },
      {
        "revenue": 62257000,
        "netIncome": -2818000,
        "period": "2020A",
        "fPeriodEndDate": 44012,
        "curCode": "AUD"
      },
      {
        "revenue": 49246000,
        "netIncome": -22583000,
        "period": "2019A",
        "fPeriodEndDate": 43646,
        "curCode": "AUD"
      }
    ]
  },
  {
    "symbol": "HDN",
    "displayName": "HOMECO DAILY NEEDS REIT",
    "industry": "Real Estate",
    "dateListed": "2020-11-23",
    "marketCap": 2338276344,
    "xid": "626000578",
    "priceChangeFiveDayPercent": -7.468879668049798,
    "isRecentListing": false,
    "priceAsk": 1.1500000000000001,
    "priceBid": 1.11,
    "priceChange": -0.015000000000000124,
    "priceChangePercent": -1.327433628318595,
    "priceLast": 1.115,
    "sector": "Real Estate",
    "industryGroup": "Real Estate",
    "securityType": 6,
    "volume": 3252423,
    "statusCode": "XD",
    "isin": "AU0000113136",
    "priceClose": 1.1300000000000001,
    "priceDayHigh": 1.175,
    "priceDayLow": 1.115,
    "priceFiftyTwoWeekHigh": 1.645,
    "priceFiftyTwoWeekLow": 1.11,
    "volumeAverage": 4324054.258065,
    "dateExDate": "2022-09-29",
    "datePayDate": "2022-11-25",
    "dateRecordDate": "2022-09-30",
    "dividend": 0.0208,
    "dividendType": "I",
    "frankingPercent": 0,
    "cashFlow": 64.5,
    "earningsPerShare": 0.28969,
    "freeCashFlowYield": -0.0000100000010000001,
    "priceEarningsRatio": 3.93524,
    "priceToCash": -99999.99,
    "foreignExempt": false,
    "shareDescription": "Ordinary Units Fully Paid",
    "numOfShares": 2069271101,
    "yieldAnnual": 0,
    "incomeStatement": [
      {
        "revenue": 198300000,
        "netIncome": 335100000,
        "period": "2022A",
        "fPeriodEndDate": 44742,
        "curCode": "AUD"
      },
      {
        "revenue": 45200000,
        "netIncome": 31300000,
        "period": "2021A",
        "fPeriodEndDate": 44377,
        "curCode": "AUD"
      },
      {
        "revenue": 0,
        "netIncome": -32768,
        "period": "2019A",
        "fPeriodEndDate": 43646,
        "curCode": "AUD"
      }
    ]
  },
  {
    "symbol": "HPI",
    "displayName": "HOTEL PROPERTY INVESTMENTS",
    "industry": "Real Estate",
    "dateListed": "2013-12-10",
    "marketCap": 561518873,
    "xid": "70099155",
    "priceChangeFiveDayPercent": -5.825242718446593,
    "isRecentListing": false,
    "priceAsk": 2.94,
    "priceBid": 2.9,
    "priceChange": 0.020000000000000018,
    "priceChangePercent": 0.6920415224913501,
    "priceLast": 2.91,
    "sector": "Real Estate",
    "industryGroup": "Real Estate",
    "securityType": 6,
    "volume": 124223,
    "statusCode": "",
    "isin": "AU000000HPI9",
    "priceClose": 2.89,
    "priceDayHigh": 2.98,
    "priceDayLow": 2.91,
    "priceFiftyTwoWeekHigh": 4.14,
    "priceFiftyTwoWeekLow": 2.82,
    "volumeAverage": 370614.215054,
    "dateExDate": "2022-06-29",
    "datePayDate": "2022-09-02",
    "dateRecordDate": "2022-06-30",
    "dividend": 0.103,
    "dividendType": "F",
    "frankingPercent": 0,
    "cashFlow": 32.352,
    "earningsPerShare": 1.12663,
    "freeCashFlowYield": -0.0000100000010000001,
    "priceEarningsRatio": 2.60955,
    "priceToCash": -99999.99,
    "foreignExempt": false,
    "shareDescription": "Fully Paid Ordinary/units Stapled Securities",
    "numOfShares": 194297188,
    "yieldAnnual": 7.093425605536332,
    "incomeStatement": [
      {
        "revenue": 73975000,
        "netIncome": 211446000,
        "period": "2022A",
        "fPeriodEndDate": 44742,
        "curCode": "AUD"
      },
      {
        "revenue": 60143000,
        "netIncome": 84720000,
        "period": "2021A",
        "fPeriodEndDate": 44377,
        "curCode": "AUD"
      },
      {
        "revenue": 54107000,
        "netIncome": 40943000,
        "period": "2020A",
        "fPeriodEndDate": 44012,
        "curCode": "AUD"
      },
      {
        "revenue": 51158000,
        "netIncome": 49238000,
        "period": "2019A",
        "fPeriodEndDate": 43646,
        "curCode": "AUD"
      }
    ]
  },
  {
    "symbol": "HGL",
    "displayName": "HUDSON INVESTMENT GROUP LIMITED",
    "industry": "Real Estate",
    "dateListed": "1994-06-09",
    "marketCap": 18995179,
    "xid": "146066",
    "priceChangeFiveDayPercent": 0,
    "isRecentListing": false,
    "priceBid": 0.32,
    "priceChange": 0,
    "priceChangePercent": 0,
    "priceLast": 0.32,
    "sector": "Real Estate",
    "industryGroup": "Real Estate",
    "securityType": 1,
    "volume": 0,
    "statusCode": "",
    "isin": "AU000000HGL2",
    "priceClose": 0.32,
    "priceFiftyTwoWeekHigh": 0.355,
    "priceFiftyTwoWeekLow": 0.305,
    "volumeAverage": 1254,
    "cashFlow": -0.513,
    "earningsPerShare": 0.03067,
    "freeCashFlowYield": -0.0000100000010000001,
    "priceEarningsRatio": 10.43365,
    "priceToCash": -99999.99,
    "foreignExempt": false,
    "shareDescription": "Ordinary Fully Paid",
    "numOfShares": 59359935,
    "yieldAnnual": 0,
    "incomeStatement": [
      {
        "revenue": 1836000,
        "netIncome": 764000,
        "period": "2021A",
        "fPeriodEndDate": 44561,
        "curCode": "AUD"
      },
      {
        "revenue": 1805000,
        "netIncome": 149000,
        "period": "2020A",
        "fPeriodEndDate": 44196,
        "curCode": "AUD"
      },
      {
        "revenue": 1693000,
        "netIncome": 3150000,
        "period": "2019A",
        "fPeriodEndDate": 43830,
        "curCode": "AUD"
      },
      {
        "revenue": 1048000,
        "netIncome": 1232000,
        "period": "2018A",
        "fPeriodEndDate": 43465,
        "curCode": "AUD"
      }
    ]
  },
  {
    "symbol": "INA",
    "displayName": "INGENIA COMMUNITIES GROUP",
    "industry": "Real Estate",
    "dateListed": "2004-07-01",
    "marketCap": 1540664738,
    "xid": "283015",
    "priceChangeFiveDayPercent": -6.716417910447752,
    "isRecentListing": false,
    "priceAsk": 3.85,
    "priceBid": 3.7,
    "priceChange": -0.03000000000000025,
    "priceChangePercent": -0.7936507936508002,
    "priceLast": 3.75,
    "sector": "Real Estate",
    "industryGroup": "Real Estate",
    "securityType": 6,
    "volume": 606379,
    "statusCode": "",
    "isin": "AU000000INA9",
    "priceClose": 3.7800000000000002,
    "priceDayHigh": 3.89,
    "priceDayLow": 3.75,
    "priceFiftyTwoWeekHigh": 6.69282,
    "priceFiftyTwoWeekLow": 3.395,
    "volumeAverage": 1060411.537634,
    "dateExDate": "2022-08-29",
    "datePayDate": "2022-09-21",
    "dateRecordDate": "2022-08-30",
    "dividend": 0.058,
    "dividendType": "F",
    "frankingPercent": 0,
    "cashFlow": 73.016,
    "earningsPerShare": 0.26231,
    "freeCashFlowYield": 0.06584904107333937,
    "priceEarningsRatio": 14.8679,
    "priceToCash": 15.18625,
    "foreignExempt": false,
    "shareDescription": "Fully Paid Ordinary/units Stapled Securities",
    "numOfShares": 407583264,
    "yieldAnnual": 2.91005291005291,
    "incomeStatement": [
      {
        "revenue": 338146000,
        "netIncome": 100587000,
        "period": "2022A",
        "fPeriodEndDate": 44742,
        "curCode": "AUD"
      },
      {
        "revenue": 295578000,
        "netIncome": 72781000,
        "period": "2021A",
        "fPeriodEndDate": 44377,
        "curCode": "AUD"
      },
      {
        "revenue": 244209000,
        "netIncome": 31452000,
        "period": "2020A",
        "fPeriodEndDate": 44012,
        "curCode": "AUD"
      },
      {
        "revenue": 228708000,
        "netIncome": 29313000,
        "period": "2019A",
        "fPeriodEndDate": 43646,
        "curCode": "AUD"
      }
    ]
  },
  {
    "symbol": "IEQ",
    "displayName": "INTERNATIONAL EQUITIES CORPORATION LIMITED.",
    "industry": "Real Estate",
    "dateListed": "1993-03-11",
    "marketCap": 4487825,
    "xid": "163856",
    "priceChangeFiveDayPercent": 0,
    "isRecentListing": false,
    "priceBid": 0.012,
    "priceChange": 0,
    "priceChangePercent": 0,
    "priceLast": 0.035,
    "sector": "Real Estate",
    "industryGroup": "Real Estate",
    "securityType": 1,
    "volume": 0,
    "statusCode": "",
    "isin": "AU000000IEQ4",
    "priceClose": 0.035,
    "priceFiftyTwoWeekHigh": 0.035,
    "priceFiftyTwoWeekLow": 0.035,
    "cashFlow": -0.564,
    "earningsPerShare": -0.00314,
    "freeCashFlowYield": 0.0769718059971813,
    "priceEarningsRatio": -99999.99,
    "priceToCash": 12.99177,
    "foreignExempt": false,
    "shareDescription": "Ordinary Fully Paid",
    "numOfShares": 128223577,
    "yieldAnnual": 0,
    "incomeStatement": [
      {
        "revenue": 6592000,
        "netIncome": -636000,
        "period": "2021A",
        "fPeriodEndDate": 44377,
        "curCode": "AUD"
      },
      {
        "revenue": 14848000,
        "netIncome": -1530000,
        "period": "2020A",
        "fPeriodEndDate": 44012,
        "curCode": "AUD"
      },
      {
        "revenue": 19131000,
        "netIncome": -875000,
        "period": "2019A",
        "fPeriodEndDate": 43646,
        "curCode": "AUD"
      },
      {
        "revenue": 22172000,
        "netIncome": 972000,
        "period": "2018A",
        "fPeriodEndDate": 43281,
        "curCode": "AUD"
      }
    ]
  },
  {
    "symbol": "KLO",
    "displayName": "KINGSLAND GLOBAL LTD",
    "industry": "Real Estate",
    "dateListed": "2015-12-11",
    "marketCap": -1,
    "xid": "319738470",
    "priceChangeFiveDayPercent": 0,
    "isRecentListing": false,
    "priceChange": 0,
    "priceChangePercent": 0,
    "priceLast": 0.024,
    "sector": "Real Estate",
    "industryGroup": "Real Estate",
    "securityType": 1,
    "volume": 0,
    "statusCode": "",
    "isin": "AU000000KLO0",
    "priceClose": 0.024,
    "priceFiftyTwoWeekHigh": 0.024,
    "priceFiftyTwoWeekLow": 0.023,
    "cashFlow": 4.4721,
    "earningsPerShare": -0.00419,
    "freeCashFlowYield": -0.0000100000010000001,
    "priceEarningsRatio": -99999.99,
    "priceToCash": -99999.99,
    "foreignExempt": false,
    "shareDescription": "Chess Depositary Interests 1:1",
    "numOfShares": 405000000,
    "yieldAnnual": 0,
    "incomeStatement": [
      {
        "revenue": 0,
        "netIncome": -1570720,
        "period": "2022A",
        "fPeriodEndDate": 44651,
        "curCode": "SGD"
      },
      {
        "revenue": 0,
        "netIncome": -1354920,
        "period": "2021A",
        "fPeriodEndDate": 44286,
        "curCode": "SGD"
      },
      {
        "revenue": 1260760,
        "netIncome": -560050,
        "period": "2020A",
        "fPeriodEndDate": 43921,
        "curCode": "SGD"
      },
      {
        "revenue": 34627270,
        "netIncome": 5545420,
        "period": "2019A",
        "fPeriodEndDate": 43555,
        "curCode": "SGD"
      }
    ]
  },
  {
    "symbol": "LHM",
    "displayName": "LAND & HOMES GROUP LIMITED",
    "industry": "Real Estate",
    "dateListed": "2004-10-05",
    "marketCap": 14691450,
    "xid": "49442",
    "priceChangeFiveDayPercent": 0,
    "isRecentListing": false,
    "priceAsk": 0.032,
    "priceBid": 0.014,
    "priceChange": 0,
    "priceChangePercent": 0,
    "priceLast": 0.014,
    "sector": "Real Estate",
    "industryGroup": "Real Estate",
    "securityType": 1,
    "volume": 0,
    "statusCode": "",
    "isin": "AU000000LHM0",
    "priceClose": 0.014,
    "priceFiftyTwoWeekHigh": 0.017,
    "priceFiftyTwoWeekLow": 0.014,
    "volumeAverage": 2576.5,
    "cashFlow": -2.20166,
    "earningsPerShare": -0.00189,
    "freeCashFlowYield": -0.0000100000010000001,
    "priceEarningsRatio": -99999.99,
    "priceToCash": -99999.99,
    "foreignExempt": false,
    "shareDescription": "Ordinary Fully Paid",
    "numOfShares": 1049389287,
    "yieldAnnual": 0,
    "incomeStatement": [
      {
        "revenue": 77490,
        "netIncome": -1965700,
        "period": "2022A",
        "fPeriodEndDate": 44742,
        "curCode": "AUD"
      },
      {
        "revenue": 411450,
        "netIncome": -4058240,
        "period": "2021A",
        "fPeriodEndDate": 44377,
        "curCode": "AUD"
      },
      {
        "revenue": 263200,
        "netIncome": -2093970,
        "period": "2020A",
        "fPeriodEndDate": 44012,
        "curCode": "AUD"
      },
      {
        "revenue": 262490,
        "netIncome": -3061130,
        "period": "2019A",
        "fPeriodEndDate": 43646,
        "curCode": "AUD"
      }
    ]
  },
  {
    "symbol": "LLC",
    "displayName": "LENDLEASE GROUP",
    "industry": "Real Estate",
    "dateListed": "1962-06-30",
    "marketCap": 6161433419,
    "xid": "184293",
    "priceChangeFiveDayPercent": -5.486542443064176,
    "isRecentListing": false,
    "priceAsk": 9.200000000000001,
    "priceBid": 9.06,
    "priceChange": 0.19000000000000128,
    "priceChangePercent": 2.12527964205818,
    "priceLast": 9.13,
    "sector": "Real Estate",
    "industryGroup": "Real Estate",
    "securityType": 6,
    "volume": 1180685,
    "statusCode": "",
    "isin": "AU000000LLC3",
    "priceClose": 8.94,
    "priceDayHigh": 9.290000000000001,
    "priceDayLow": 9.040000000000001,
    "priceFiftyTwoWeekHigh": 12.29,
    "priceFiftyTwoWeekLow": 8.76,
    "volumeAverage": 1532974.83871,
    "dateExDate": "2022-08-26",
    "datePayDate": "2022-09-21",
    "dateRecordDate": "2022-08-29",
    "dividend": 0.11,
    "dividendType": "F",
    "frankingPercent": 38.89,
    "cashFlow": -1034,
    "earningsPerShare": -0.18847,
    "freeCashFlowYield": 0.0048311699354362456,
    "priceEarningsRatio": -99999.99,
    "priceToCash": 206.9892,
    "foreignExempt": false,
    "shareDescription": "Fully Paid Ordinary/units Stapled Securities",
    "numOfShares": 689198369,
    "yieldAnnual": 1.7897091722595078,
    "incomeStatement": [
      {
        "revenue": 8964000000,
        "netIncome": -99000000,
        "period": "2022A",
        "fPeriodEndDate": 44742,
        "curCode": "AUD"
      },
      {
        "revenue": 9143000000,
        "netIncome": 222000000,
        "period": "2021A",
        "fPeriodEndDate": 44377,
        "curCode": "AUD"
      },
      {
        "revenue": 11834000000,
        "netIncome": -310000000,
        "period": "2020A",
        "fPeriodEndDate": 44012,
        "curCode": "AUD"
      },
      {
        "revenue": 15041000000,
        "netIncome": 467000000,
        "period": "2019A",
        "fPeriodEndDate": 43646,
        "curCode": "AUD"
      }
    ]
  },
  {
    "symbol": "LIC",
    "displayName": "LIFESTYLE COMMUNITIES LIMITED",
    "industry": "Real Estate",
    "dateListed": "1998-12-15",
    "marketCap": 1590131443,
    "xid": "226407",
    "priceChangeFiveDayPercent": -4.125000000000001,
    "isRecentListing": false,
    "priceAsk": 16,
    "priceBid": 15.34,
    "priceChange": 0.129999999999999,
    "priceChangePercent": 0.8547008547008481,
    "priceLast": 15.34,
    "sector": "Real Estate",
    "industryGroup": "Real Estate",
    "securityType": 1,
    "volume": 176328,
    "statusCode": "XD",
    "isin": "AU000000LIC9",
    "priceClose": 15.21,
    "priceDayHigh": 15.94,
    "priceDayLow": 15.34,
    "priceFiftyTwoWeekHigh": 23.85,
    "priceFiftyTwoWeekLow": 11.34,
    "volumeAverage": 227860.419355,
    "dateExDate": "2022-09-02",
    "datePayDate": "2022-10-06",
    "dateRecordDate": "2022-09-05",
    "dividend": 0.06,
    "dividendType": "F",
    "frankingPercent": 100,
    "cashFlow": 28.733,
    "earningsPerShare": 0.85098,
    "freeCashFlowYield": -0.0000100000010000001,
    "priceEarningsRatio": 17.95577,
    "priceToCash": -99999.99,
    "foreignExempt": false,
    "shareDescription": "Ordinary Fully Paid",
    "numOfShares": 104545131,
    "yieldAnnual": 0.6903353057199211,
    "incomeStatement": [
      {
        "revenue": 224406000,
        "netIncome": 88871000,
        "period": "2022A",
        "fPeriodEndDate": 44742,
        "curCode": "AUD"
      },
      {
        "revenue": 137901000,
        "netIncome": 91111000,
        "period": "2021A",
        "fPeriodEndDate": 44377,
        "curCode": "AUD"
      },
      {
        "revenue": 127278000,
        "netIncome": 42818000,
        "period": "2020A",
        "fPeriodEndDate": 44012,
        "curCode": "AUD"
      },
      {
        "revenue": 144242000,
        "netIncome": 55063000,
        "period": "2019A",
        "fPeriodEndDate": 43646,
        "curCode": "AUD"
      }
    ]
  },
  {
    "symbol": "MEA",
    "displayName": "MCGRATH LIMITED",
    "industry": "Real Estate",
    "dateListed": "2015-12-07",
    "marketCap": 66029615,
    "xid": "319498453",
    "priceChangeFiveDayPercent": -2.4390243902438913,
    "isRecentListing": false,
    "priceAsk": 0.42,
    "priceBid": 0.4,
    "priceChange": -0.010000000000000009,
    "priceChangePercent": -2.4390243902439046,
    "priceLast": 0.4,
    "sector": "Real Estate",
    "industryGroup": "Real Estate",
    "securityType": 1,
    "volume": 74078,
    "statusCode": "",
    "isin": "AU000000MEA0",
    "priceClose": 0.41000000000000003,
    "priceDayHigh": 0.42,
    "priceDayLow": 0.4,
    "priceFiftyTwoWeekHigh": 0.705,
    "priceFiftyTwoWeekLow": 0.3,
    "volumeAverage": 120178.47619,
    "dateExDate": "2022-08-31",
    "datePayDate": "2022-09-20",
    "dateRecordDate": "2022-09-01",
    "dividend": 0.01,
    "dividendType": "F",
    "frankingPercent": 100,
    "cashFlow": 14.035,
    "earningsPerShare": 0.06995,
    "freeCashFlowYield": 0.31045102324657264,
    "priceEarningsRatio": 5.71837,
    "priceToCash": 3.22112,
    "foreignExempt": false,
    "shareDescription": "Ordinary Fully Paid",
    "numOfShares": 161047841,
    "yieldAnnual": 8.536585365853659,
    "incomeStatement": [
      {
        "revenue": 112632000,
        "netIncome": 11728000,
        "period": "2022A",
        "fPeriodEndDate": 44742,
        "curCode": "AUD"
      },
      {
        "revenue": 122359000,
        "netIncome": 19041000,
        "period": "2021A",
        "fPeriodEndDate": 44377,
        "curCode": "AUD"
      },
      {
        "revenue": 91638000,
        "netIncome": 721000,
        "period": "2020A",
        "fPeriodEndDate": 44012,
        "curCode": "AUD"
      },
      {
        "revenue": 82699000,
        "netIncome": -15573000,
        "period": "2019A",
        "fPeriodEndDate": 43646,
        "curCode": "AUD"
      }
    ]
  },
  {
    "symbol": "MGR",
    "displayName": "MIRVAC GROUP",
    "industry": "Real Estate",
    "dateListed": "1999-06-16",
    "marketCap": 7497134412,
    "xid": "200330",
    "priceChangeFiveDayPercent": -4.9261083743842295,
    "isRecentListing": false,
    "priceAsk": 1.935,
    "priceBid": 1.925,
    "priceChange": 0.029999999999999805,
    "priceChangePercent": 1.5789473684210422,
    "priceLast": 1.93,
    "sector": "Real Estate",
    "industryGroup": "Real Estate",
    "securityType": 6,
    "volume": 10224444,
    "statusCode": "",
    "isin": "AU000000MGR9",
    "priceClose": 1.9000000000000001,
    "priceDayHigh": 1.945,
    "priceDayLow": 1.915,
    "priceFiftyTwoWeekHigh": 3.04,
    "priceFiftyTwoWeekLow": 1.8825,
    "volumeAverage": 11388503.569892,
    "dateExDate": "2022-06-29",
    "datePayDate": "2022-08-31",
    "dateRecordDate": "2022-06-30",
    "dividend": 0.051,
    "dividendType": "F",
    "frankingPercent": 0,
    "cashFlow": 486,
    "earningsPerShare": 0.22983,
    "freeCashFlowYield": 0.12899530715072588,
    "priceEarningsRatio": 8.46278,
    "priceToCash": 7.75222,
    "foreignExempt": false,
    "shareDescription": "Fully Paid Ordinary/units Stapled Securities",
    "numOfShares": 3945860217,
    "yieldAnnual": 5.368421052631579,
    "incomeStatement": [
      {
        "revenue": 2306000000,
        "netIncome": 906000000,
        "period": "2022A",
        "fPeriodEndDate": 44742,
        "curCode": "AUD"
      },
      {
        "revenue": 1808000000,
        "netIncome": 901000000,
        "period": "2021A",
        "fPeriodEndDate": 44377,
        "curCode": "AUD"
      },
      {
        "revenue": 2116000000,
        "netIncome": 558000000,
        "period": "2020A",
        "fPeriodEndDate": 44012,
        "curCode": "AUD"
      },
      {
        "revenue": 2186000000,
        "netIncome": 1019000000,
        "period": "2019A",
        "fPeriodEndDate": 43646,
        "curCode": "AUD"
      }
    ]
  },
  {
    "symbol": "MPX",
    "displayName": "MUSTERA PROPERTY GROUP LIMITED",
    "industry": "Real Estate",
    "dateListed": "2014-11-28",
    "marketCap": 41828188,
    "xid": "80536727",
    "priceChangeFiveDayPercent": 0,
    "isRecentListing": false,
    "priceAsk": 0.28500000000000003,
    "priceChange": -0.004999999999999949,
    "priceChangePercent": -1.7241379310344653,
    "priceLast": 0.28500000000000003,
    "sector": "Real Estate",
    "industryGroup": "Real Estate",
    "securityType": 1,
    "volume": 50000,
    "statusCode": "",
    "isin": "AU000000MPX8",
    "priceClose": 0.29,
    "priceDayHigh": 0.28500000000000003,
    "priceDayLow": 0.28500000000000003,
    "priceFiftyTwoWeekHigh": 0.3,
    "priceFiftyTwoWeekLow": 0.27,
    "volumeAverage": 35757,
    "dateExDate": "2018-09-14",
    "datePayDate": "2018-11-15",
    "dateRecordDate": "2018-09-17",
    "dividend": 0.0025,
    "dividendType": "F",
    "frankingPercent": 0,
    "cashFlow": -13.53158,
    "earningsPerShare": -0.01579,
    "freeCashFlowYield": -0.0000100000010000001,
    "priceEarningsRatio": -99999.99,
    "priceToCash": -99999.99,
    "foreignExempt": false,
    "shareDescription": "Ordinary Fully Paid",
    "numOfShares": 144235132,
    "yieldAnnual": 0,
    "incomeStatement": [
      {
        "revenue": 3755920,
        "netIncome": -2232170,
        "period": "2022A",
        "fPeriodEndDate": 44742,
        "curCode": "AUD"
      },
      {
        "revenue": 5352640,
        "netIncome": -2414690,
        "period": "2021A",
        "fPeriodEndDate": 44377,
        "curCode": "AUD"
      },
      {
        "revenue": 2728650,
        "netIncome": -1040110,
        "period": "2020A",
        "fPeriodEndDate": 44012,
        "curCode": "AUD"
      },
      {
        "revenue": 3134040,
        "netIncome": -1552600,
        "period": "2019A",
        "fPeriodEndDate": 43646,
        "curCode": "AUD"
      }
    ]
  },
  {
    "symbol": "NSR",
    "displayName": "NATIONAL STORAGE REIT",
    "industry": "Real Estate",
    "dateListed": "2013-12-19",
    "marketCap": 2650448321,
    "xid": "70414175",
    "priceChangeFiveDayPercent": -5.957446808510643,
    "isRecentListing": false,
    "priceAsk": 2.24,
    "priceBid": 2.16,
    "priceChange": 0,
    "priceChangePercent": 0,
    "priceLast": 2.21,
    "sector": "Real Estate",
    "industryGroup": "Real Estate",
    "securityType": 6,
    "volume": 2335344,
    "statusCode": "",
    "isin": "AU000000NSR2",
    "priceClose": 2.21,
    "priceDayHigh": 2.2600000000000002,
    "priceDayLow": 2.2,
    "priceFiftyTwoWeekHigh": 2.78,
    "priceFiftyTwoWeekLow": 2.03,
    "volumeAverage": 2807568.978495,
    "dateExDate": "2022-06-29",
    "datePayDate": "2022-09-02",
    "dateRecordDate": "2022-06-30",
    "dividend": 0.054,
    "dividendType": "F",
    "frankingPercent": 0,
    "cashFlow": 87.001,
    "earningsPerShare": 0.52115,
    "freeCashFlowYield": -0.0000100000010000001,
    "priceEarningsRatio": 4.33656,
    "priceToCash": -99999.99,
    "foreignExempt": false,
    "shareDescription": "Fully Paid Ordinary/units Stapled Securities",
    "numOfShares": 1199297883,
    "yieldAnnual": 4.524886877828054,
    "incomeStatement": [
      {
        "revenue": 278887000,
        "netIncome": 620618000,
        "period": "2022A",
        "fPeriodEndDate": 44742,
        "curCode": "AUD"
      },
      {
        "revenue": 217748000,
        "netIncome": 309708000,
        "period": "2021A",
        "fPeriodEndDate": 44377,
        "curCode": "AUD"
      },
      {
        "revenue": 177913000,
        "netIncome": 121779000,
        "period": "2020A",
        "fPeriodEndDate": 44012,
        "curCode": "AUD"
      },
      {
        "revenue": 159188000,
        "netIncome": 144840000,
        "period": "2019A",
        "fPeriodEndDate": 43646,
        "curCode": "AUD"
      }
    ]
  },
  {
    "symbol": "NPR",
    "displayName": "NEWMARK PROPERTY REIT",
    "industry": "Real Estate",
    "dateListed": "2021-12-06",
    "marketCap": 268839480,
    "xid": "690489356",
    "priceChangeFiveDayPercent": -6.410256410256416,
    "isRecentListing": false,
    "priceAsk": 1.8,
    "priceBid": 1.455,
    "priceChange": -0.020000000000000018,
    "priceChangePercent": -1.3513513513513526,
    "priceLast": 1.46,
    "sector": "Real Estate",
    "industryGroup": "Real Estate",
    "securityType": 6,
    "volume": 79488,
    "statusCode": "XD",
    "isin": "AU0000189334",
    "priceClose": 1.48,
    "priceDayHigh": 1.55,
    "priceDayLow": 1.455,
    "priceFiftyTwoWeekHigh": 1.95,
    "priceFiftyTwoWeekLow": 1.205,
    "volumeAverage": 118195.946237,
    "dateExDate": "2022-09-29",
    "datePayDate": "2022-11-11",
    "dateRecordDate": "2022-09-30",
    "dividend": 0.025,
    "dividendType": "I",
    "frankingPercent": 0,
    "cashFlow": 9.32018,
    "earningsPerShare": 0.269,
    "freeCashFlowYield": -0.0000100000010000001,
    "priceEarningsRatio": 5.48327,
    "priceToCash": -99999.99,
    "foreignExempt": false,
    "shareDescription": "Fully Paid Units Stapled Securities",
    "numOfShares": 181648297,
    "yieldAnnual": 0,
    "incomeStatement": [
      {
        "revenue": 24191460,
        "netIncome": 48864230,
        "period": "2022A",
        "fPeriodEndDate": 44742,
        "curCode": "AUD"
      },
      {
        "revenue": 14646040,
        "netIncome": 11410230,
        "period": "2021A",
        "fPeriodEndDate": 44377,
        "curCode": "AUD"
      }
    ]
  },
  {
    "symbol": "PPC",
    "displayName": "PEET LIMITED",
    "industry": "Real Estate",
    "dateListed": "2004-08-05",
    "marketCap": 546911394,
    "xid": "232688",
    "priceChangeFiveDayPercent": 1.4084507042253638,
    "isRecentListing": false,
    "priceAsk": 1.1300000000000001,
    "priceBid": 1.07,
    "priceChange": -0.07000000000000006,
    "priceChangePercent": -6.086956521739135,
    "priceLast": 1.08,
    "sector": "Real Estate",
    "industryGroup": "Real Estate",
    "securityType": 1,
    "volume": 137713,
    "statusCode": "XD",
    "isin": "AU000000PPC5",
    "priceClose": 1.1500000000000001,
    "priceDayHigh": 1.1500000000000001,
    "priceDayLow": 1.065,
    "priceFiftyTwoWeekHigh": 1.205,
    "priceFiftyTwoWeekLow": 0.86,
    "volumeAverage": 706232.075269,
    "dateExDate": "2022-09-16",
    "datePayDate": "2022-10-14",
    "dateRecordDate": "2022-09-19",
    "dividend": 0.04,
    "dividendType": "F",
    "frankingPercent": 100,
    "cashFlow": 22.076,
    "earningsPerShare": 0.10832,
    "freeCashFlowYield": 0.10474220325224542,
    "priceEarningsRatio": 10.10894,
    "priceToCash": 9.54725,
    "foreignExempt": false,
    "shareDescription": "Ordinary Fully Paid",
    "numOfShares": 475575125,
    "yieldAnnual": 5.434782608695652,
    "incomeStatement": [
      {
        "revenue": 266608000,
        "netIncome": 52316000,
        "period": "2022A",
        "fPeriodEndDate": 44742,
        "curCode": "AUD"
      },
      {
        "revenue": 220267000,
        "netIncome": 28500000,
        "period": "2021A",
        "fPeriodEndDate": 44377,
        "curCode": "AUD"
      },
      {
        "revenue": 188282000,
        "netIncome": -30056000,
        "period": "2020A",
        "fPeriodEndDate": 44012,
        "curCode": "AUD"
      },
      {
        "revenue": 249545000,
        "netIncome": 47549000,
        "period": "2019A",
        "fPeriodEndDate": 43646,
        "curCode": "AUD"
      }
    ]
  },
  {
    "symbol": "PXA",
    "displayName": "PEXA GROUP LIMITED",
    "industry": "Real Estate",
    "dateListed": "2021-07-01",
    "marketCap": 2370845786,
    "xid": "664248521",
    "priceChangeFiveDayPercent": -1.3899049012435956,
    "isRecentListing": false,
    "priceAsk": 13.59,
    "priceBid": 13.4,
    "priceChange": 0.10999999999999943,
    "priceChangePercent": 0.8227374719521273,
    "priceLast": 13.48,
    "sector": "Real Estate",
    "industryGroup": "Real Estate",
    "securityType": 1,
    "volume": 295513,
    "upcomingEventName": "2022 Annual General Meeting",
    "statusCode": "",
    "isin": "AU0000158594",
    "priceClose": 13.370000000000001,
    "priceDayHigh": 13.530000000000001,
    "priceDayLow": 13.27,
    "priceFiftyTwoWeekHigh": 20.81,
    "priceFiftyTwoWeekLow": 10.87,
    "volumeAverage": 246920.139785,
    "cashFlow": 39.762,
    "earningsPerShare": 0.1232,
    "freeCashFlowYield": 0.03808558974583582,
    "priceEarningsRatio": 108.3604,
    "priceToCash": 26.25665,
    "foreignExempt": false,
    "shareDescription": "Ordinary Fully Paid",
    "numOfShares": 177325788,
    "yieldAnnual": 0,
    "incomeStatement": [
      {
        "revenue": 279839000,
        "netIncome": 21851000,
        "period": "2022A",
        "fPeriodEndDate": 44742,
        "curCode": "AUD"
      },
      {
        "revenue": 221046000,
        "netIncome": -11787000,
        "period": "2021A",
        "fPeriodEndDate": 44377,
        "curCode": "AUD"
      },
      {
        "revenue": 155587430,
        "netIncome": -30300,
        "period": "2020A",
        "fPeriodEndDate": 44012,
        "curCode": "AUD"
      },
      {
        "revenue": 54382270,
        "netIncome": -22177970,
        "period": "2019A",
        "fPeriodEndDate": 43646,
        "curCode": "AUD"
      }
    ]
  },
  {
    "symbol": "REP",
    "displayName": "RAM ESSENTIAL SERVICES PROPERTY FUND",
    "industry": "Real Estate",
    "dateListed": "2021-10-20",
    "marketCap": 385602230,
    "xid": "684224736",
    "priceChangeFiveDayPercent": -8.860759493670894,
    "isRecentListing": false,
    "priceAsk": 0.74,
    "priceBid": 0.715,
    "priceChange": -0.020000000000000018,
    "priceChangePercent": -2.7027027027027053,
    "priceLast": 0.72,
    "sector": "Real Estate",
    "industryGroup": "Real Estate",
    "securityType": 6,
    "volume": 54829,
    "statusCode": "XD",
    "isin": "AU0000180317",
    "priceClose": 0.74,
    "priceDayHigh": 0.75,
    "priceDayLow": 0.72,
    "priceFiftyTwoWeekHigh": 1.05,
    "priceFiftyTwoWeekLow": 0.72,
    "volumeAverage": 285663.376344,
    "dateExDate": "2022-09-29",
    "datePayDate": "2022-10-28",
    "dateRecordDate": "2022-09-30",
    "dividend": 0.0145,
    "dividendType": "I",
    "frankingPercent": 0,
    "cashFlow": 12.891,
    "earningsPerShare": 0.08163,
    "freeCashFlowYield": 0.09893476933853204,
    "priceEarningsRatio": 9.1878,
    "priceToCash": 10.10767,
    "foreignExempt": false,
    "shareDescription": "Fully Paid Units Stapled Securities",
    "numOfShares": 521084094,
    "yieldAnnual": 0,
    "incomeStatement": [
      {
        "revenue": 36513000,
        "netIncome": 42535000,
        "period": "2022A",
        "fPeriodEndDate": 44742,
        "curCode": "AUD"
      }
    ]
  },
  {
    "symbol": "RPG",
    "displayName": "RAPTIS GROUP LIMITED",
    "industry": "Real Estate",
    "dateListed": "1986-07-17",
    "marketCap": 2095050,
    "xid": "244352",
    "priceChangeFiveDayPercent": 0,
    "isRecentListing": false,
    "priceAsk": 0.039,
    "priceBid": 0.033,
    "priceChange": 0,
    "priceChangePercent": 0,
    "priceLast": 0.033,
    "sector": "Real Estate",
    "industryGroup": "Real Estate",
    "securityType": 1,
    "volume": 0,
    "statusCode": "",
    "isin": "AU000000RPG2",
    "priceClose": 0.033,
    "priceFiftyTwoWeekHigh": 0.033,
    "priceFiftyTwoWeekLow": 0.033,
    "cashFlow": -0.34769,
    "earningsPerShare": 0.00063,
    "freeCashFlowYield": -0.0000100000010000001,
    "priceEarningsRatio": 52.38095,
    "priceToCash": -99999.99,
    "foreignExempt": false,
    "shareDescription": "Ordinary Fully Paid",
    "numOfShares": 63486358,
    "yieldAnnual": 0,
    "incomeStatement": [
      {
        "revenue": 645540,
        "netIncome": 96100,
        "period": "2022A",
        "fPeriodEndDate": 44742,
        "curCode": "AUD"
      },
      {
        "revenue": 416010,
        "netIncome": 531490,
        "period": "2021A",
        "fPeriodEndDate": 44377,
        "curCode": "AUD"
      },
      {
        "revenue": 189350,
        "netIncome": 53110,
        "period": "2020A",
        "fPeriodEndDate": 44012,
        "curCode": "AUD"
      },
      {
        "revenue": 110120,
        "netIncome": 57710,
        "period": "2019A",
        "fPeriodEndDate": 43646,
        "curCode": "AUD"
      }
    ]
  },
  {
    "symbol": "RFF",
    "displayName": "RURAL FUNDS GROUP",
    "industry": "Real Estate",
    "dateListed": "2014-02-14",
    "marketCap": 896357044,
    "xid": "72172995",
    "priceChangeFiveDayPercent": -7.96812749003983,
    "isRecentListing": false,
    "priceAsk": 2.33,
    "priceBid": 2.3000000000000003,
    "priceChange": -0.029999999999999805,
    "priceChangePercent": -1.2820512820512737,
    "priceLast": 2.31,
    "sector": "Real Estate",
    "industryGroup": "Real Estate",
    "securityType": 6,
    "volume": 268303,
    "statusCode": "XD",
    "isin": "AU000000RFF5",
    "priceClose": 2.34,
    "priceDayHigh": 2.345,
    "priceDayLow": 2.3000000000000003,
    "priceFiftyTwoWeekHigh": 3.22,
    "priceFiftyTwoWeekLow": 2.3,
    "volumeAverage": 470987.827957,
    "dateExDate": "2022-09-29",
    "datePayDate": "2022-10-31",
    "dateRecordDate": "2022-09-30",
    "dividend": 0.0293,
    "dividendType": "I",
    "frankingPercent": 0,
    "cashFlow": -68.665,
    "earningsPerShare": 0.54966,
    "freeCashFlowYield": 0.23314805834297014,
    "priceEarningsRatio": 4.29356,
    "priceToCash": 4.28912,
    "foreignExempt": false,
    "shareDescription": "Fully Paid Units Stapled Securities",
    "numOfShares": 383058566,
    "yieldAnnual": 5.012820512820513,
    "incomeStatement": [
      {
        "revenue": 81865000,
        "netIncome": 209136000,
        "period": "2022A",
        "fPeriodEndDate": 44742,
        "curCode": "AUD"
      },
      {
        "revenue": 67650000,
        "netIncome": 119634000,
        "period": "2021A",
        "fPeriodEndDate": 44377,
        "curCode": "AUD"
      },
      {
        "revenue": 66818000,
        "netIncome": 48988000,
        "period": "2020A",
        "fPeriodEndDate": 44012,
        "curCode": "AUD"
      },
      {
        "revenue": 55674000,
        "netIncome": 33355000,
        "period": "2019A",
        "fPeriodEndDate": 43646,
        "curCode": "AUD"
      }
    ]
  },
  {
    "symbol": "SCG",
    "displayName": "SCENTRE GROUP",
    "industry": "Real Estate",
    "dateListed": "2014-06-25",
    "marketCap": 13079753414,
    "xid": "76053389",
    "priceChangeFiveDayPercent": -4.814814814814827,
    "isRecentListing": false,
    "priceAsk": 2.57,
    "priceBid": 2.56,
    "priceChange": 0.04999999999999982,
    "priceChangePercent": 1.984126984126977,
    "priceLast": 2.57,
    "sector": "Real Estate",
    "industryGroup": "Real Estate",
    "securityType": 6,
    "volume": 10456240,
    "statusCode": "",
    "isin": "AU000000SCG8",
    "priceClose": 2.52,
    "priceDayHigh": 2.58,
    "priceDayLow": 2.54,
    "priceFiftyTwoWeekHigh": 3.3,
    "priceFiftyTwoWeekLow": 2.42,
    "volumeAverage": 13328006.150538,
    "dateExDate": "2022-08-15",
    "datePayDate": "2022-08-31",
    "dateRecordDate": "2022-08-16",
    "dividend": 0.075,
    "dividendType": "I",
    "frankingPercent": 0.05,
    "cashFlow": 211.1,
    "earningsPerShare": 0.18592,
    "freeCashFlowYield": -0.0000100000010000001,
    "priceEarningsRatio": 13.98451,
    "priceToCash": -99999.99,
    "foreignExempt": false,
    "shareDescription": "Fully Paid Ordinary/units Stapled Securities",
    "numOfShares": 5190378339,
    "yieldAnnual": 5.853174603174603,
    "incomeStatement": [
      {
        "revenue": 2280800000,
        "netIncome": 887900000,
        "period": "2021A",
        "fPeriodEndDate": 44561,
        "curCode": "AUD"
      },
      {
        "revenue": 2162300000,
        "netIncome": -3731800000,
        "period": "2020A",
        "fPeriodEndDate": 44196,
        "curCode": "AUD"
      },
      {
        "revenue": 2616400000,
        "netIncome": 1179500000,
        "period": "2019A",
        "fPeriodEndDate": 43830,
        "curCode": "AUD"
      },
      {
        "revenue": 2635100000,
        "netIncome": 2287200000,
        "period": "2018A",
        "fPeriodEndDate": 43465,
        "curCode": "AUD"
      }
    ]
  },
  {
    "symbol": "SRV",
    "displayName": "SERVCORP LIMITED",
    "industry": "Real Estate",
    "dateListed": "1999-12-06",
    "marketCap": 316594494,
    "xid": "259774",
    "priceChangeFiveDayPercent": 3.0769230769230798,
    "isRecentListing": false,
    "priceAsk": 3.41,
    "priceBid": 3.25,
    "priceChange": 0.08000000000000007,
    "priceChangePercent": 2.4464831804281366,
    "priceLast": 3.35,
    "sector": "Real Estate",
    "industryGroup": "Real Estate",
    "securityType": 1,
    "volume": 9583,
    "upcomingEventName": "Dividend payment date",
    "statusCode": "XD",
    "isin": "AU000000SRV5",
    "priceClose": 3.27,
    "priceDayHigh": 3.35,
    "priceDayLow": 3.25,
    "priceFiftyTwoWeekHigh": 4.75,
    "priceFiftyTwoWeekLow": 2.91,
    "volumeAverage": 22711.792208,
    "dateExDate": "2022-08-31",
    "datePayDate": "2022-10-06",
    "dateRecordDate": "2022-09-01",
    "dividend": 0.1,
    "dividendType": "F",
    "frankingPercent": 0,
    "cashFlow": 112.345,
    "earningsPerShare": 0.28942,
    "freeCashFlowYield": 0.4442923977127828,
    "priceEarningsRatio": 11.22936,
    "priceToCash": 2.25077,
    "foreignExempt": false,
    "shareDescription": "Ordinary Fully Paid",
    "numOfShares": 96817888,
    "yieldAnnual": 6.116207951070336,
    "incomeStatement": [
      {
        "revenue": 271646000,
        "netIncome": 28021000,
        "period": "2022A",
        "fPeriodEndDate": 44742,
        "curCode": "AUD"
      },
      {
        "revenue": 269659000,
        "netIncome": 23492000,
        "period": "2021A",
        "fPeriodEndDate": 44377,
        "curCode": "AUD"
      },
      {
        "revenue": 349116000,
        "netIncome": 6934000,
        "period": "2020A",
        "fPeriodEndDate": 44012,
        "curCode": "AUD"
      },
      {
        "revenue": 334875000,
        "netIncome": 5380000,
        "period": "2019A",
        "fPeriodEndDate": 43646,
        "curCode": "AUD"
      }
    ]
  },
  {
    "symbol": "SCP",
    "displayName": "SHOPPING CENTRES AUSTRALASIA PROPERTY GROUP",
    "industry": "Real Estate",
    "dateListed": "2012-11-26",
    "marketCap": 2638954649,
    "xid": "52379331",
    "priceChangeFiveDayPercent": -3.6885245901639285,
    "isRecentListing": false,
    "priceAsk": 2.39,
    "priceBid": 2.33,
    "priceChange": 0.020000000000000018,
    "priceChangePercent": 0.858369098712447,
    "priceLast": 2.35,
    "sector": "Real Estate",
    "industryGroup": "Real Estate",
    "securityType": 6,
    "volume": 4566013,
    "statusCode": "",
    "isin": "AU000000SCP9",
    "priceClose": 2.33,
    "priceDayHigh": 2.38,
    "priceDayLow": 2.34,
    "priceFiftyTwoWeekHigh": 3.16,
    "priceFiftyTwoWeekLow": 2.265,
    "volumeAverage": 3466245.709677,
    "dateExDate": "2022-06-29",
    "datePayDate": "2022-08-31",
    "dateRecordDate": "2022-06-30",
    "dividend": 0.08,
    "dividendType": "F",
    "frankingPercent": 0,
    "cashFlow": 27.1,
    "earningsPerShare": 0.44,
    "freeCashFlowYield": -0.0000100000010000001,
    "priceEarningsRatio": 5.31818,
    "priceToCash": -99999.99,
    "foreignExempt": false,
    "shareDescription": "Fully Paid Units Stapled Securities",
    "numOfShares": 1132598562,
    "yieldAnnual": 6.523605150214592,
    "incomeStatement": [
      {
        "revenue": 350300000,
        "netIncome": 487100000,
        "period": "2022A",
        "fPeriodEndDate": 44742,
        "curCode": "AUD"
      },
      {
        "revenue": 294400000,
        "netIncome": 462900000,
        "period": "2021A",
        "fPeriodEndDate": 44377,
        "curCode": "AUD"
      },
      {
        "revenue": 292400000,
        "netIncome": 85500000,
        "period": "2020A",
        "fPeriodEndDate": 44012,
        "curCode": "AUD"
      },
      {
        "revenue": 270000000,
        "netIncome": 109600000,
        "period": "2019A",
        "fPeriodEndDate": 43646,
        "curCode": "AUD"
      }
    ]
  },
  {
    "symbol": "SSL",
    "displayName": "SIETEL LIMITED",
    "industry": "Real Estate",
    "dateListed": "1974-01-01",
    "marketCap": 59255345,
    "xid": "260182",
    "priceChangeFiveDayPercent": 0,
    "isRecentListing": false,
    "priceAsk": 8.950000000000001,
    "priceBid": 7,
    "priceChange": 0,
    "priceChangePercent": 0,
    "priceLast": 7.4,
    "sector": "Real Estate",
    "industryGroup": "Real Estate",
    "securityType": 1,
    "volume": 0,
    "statusCode": "",
    "isin": "AU000000SSL4",
    "priceClose": 7.4,
    "priceFiftyTwoWeekHigh": 8.95,
    "priceFiftyTwoWeekLow": 7.4,
    "volumeAverage": 1583,
    "cashFlow": 0.88769,
    "earningsPerShare": 0.26217,
    "freeCashFlowYield": 0.03657914739860078,
    "priceEarningsRatio": 28.22596,
    "priceToCash": 27.33798,
    "foreignExempt": false,
    "shareDescription": "Ordinary Fully Paid",
    "numOfShares": 8007479,
    "yieldAnnual": 0,
    "incomeStatement": [
      {
        "revenue": 9160070,
        "netIncome": 1362030,
        "period": "2021A",
        "fPeriodEndDate": 44469,
        "curCode": "AUD"
      },
      {
        "revenue": 10890670,
        "netIncome": 1762610,
        "period": "2020A",
        "fPeriodEndDate": 44104,
        "curCode": "AUD"
      },
      {
        "revenue": 11288530,
        "netIncome": 1994970,
        "period": "2019A",
        "fPeriodEndDate": 43738,
        "curCode": "AUD"
      },
      {
        "revenue": 8276420,
        "netIncome": 1234080,
        "period": "2018A",
        "fPeriodEndDate": 43373,
        "curCode": "AUD"
      }
    ]
  },
  {
    "symbol": "SGP",
    "displayName": "STOCKLAND",
    "industry": "Real Estate",
    "dateListed": "1987-02-19",
    "marketCap": 7591205885,
    "xid": "252220",
    "priceChangeFiveDayPercent": -2.9940119760478936,
    "isRecentListing": false,
    "priceAsk": 3.27,
    "priceBid": 3.23,
    "priceChange": 0.06000000000000005,
    "priceChangePercent": 1.8867924528301903,
    "priceLast": 3.24,
    "sector": "Real Estate",
    "industryGroup": "Real Estate",
    "securityType": 6,
    "volume": 6473279,
    "statusCode": "",
    "isin": "AU000000SGP0",
    "priceClose": 3.18,
    "priceDayHigh": 3.2600000000000002,
    "priceDayLow": 3.22,
    "priceFiftyTwoWeekHigh": 4.83,
    "priceFiftyTwoWeekLow": 3.125,
    "volumeAverage": 7309423.473118,
    "dateExDate": "2022-06-29",
    "datePayDate": "2022-08-31",
    "dateRecordDate": "2022-06-30",
    "dividend": 0.146,
    "dividendType": "F",
    "frankingPercent": 0,
    "cashFlow": 293,
    "earningsPerShare": 0.59581,
    "freeCashFlowYield": -0.0000100000010000001,
    "priceEarningsRatio": 5.43798,
    "priceToCash": -99999.99,
    "foreignExempt": false,
    "shareDescription": "Fully Paid Ordinary/units Stapled Securities",
    "numOfShares": 2387171662,
    "yieldAnnual": 8.364779874213836,
    "incomeStatement": [
      {
        "revenue": 2847000000,
        "netIncome": 1381000000,
        "period": "2022A",
        "fPeriodEndDate": 44742,
        "curCode": "AUD"
      },
      {
        "revenue": 2641000000,
        "netIncome": 1105000000,
        "period": "2021A",
        "fPeriodEndDate": 44377,
        "curCode": "AUD"
      },
      {
        "revenue": 2812000000,
        "netIncome": -21000000,
        "period": "2020A",
        "fPeriodEndDate": 44012,
        "curCode": "AUD"
      },
      {
        "revenue": 2768000000,
        "netIncome": 311000000,
        "period": "2019A",
        "fPeriodEndDate": 43646,
        "curCode": "AUD"
      }
    ]
  },
  {
    "symbol": "SDG",
    "displayName": "SUNLAND GROUP LIMITED",
    "industry": "Real Estate",
    "dateListed": "1995-02-28",
    "marketCap": 335428312,
    "xid": "250180",
    "priceChangeFiveDayPercent": -3.6290322580645102,
    "isRecentListing": false,
    "priceAsk": 2.41,
    "priceBid": 2.38,
    "priceChange": -0.06000000000000005,
    "priceChangePercent": -2.4489795918367365,
    "priceLast": 2.39,
    "sector": "Real Estate",
    "industryGroup": "Real Estate",
    "securityType": 1,
    "volume": 44513,
    "statusCode": "",
    "isin": "AU000000SDG6",
    "priceClose": 2.45,
    "priceDayHigh": 2.45,
    "priceDayLow": 2.39,
    "priceFiftyTwoWeekHigh": 2.99,
    "priceFiftyTwoWeekLow": 2.36,
    "volumeAverage": 50991.395604,
    "dateExDate": "2022-08-30",
    "datePayDate": "2022-09-15",
    "dateRecordDate": "2022-08-31",
    "dividend": 0.15,
    "dividendType": "F",
    "frankingPercent": 100,
    "cashFlow": 323.014,
    "earningsPerShare": 0.67624,
    "freeCashFlowYield": 0.2891343318105592,
    "priceEarningsRatio": 3.51946,
    "priceToCash": 3.4586,
    "foreignExempt": false,
    "shareDescription": "Ordinary Fully Paid",
    "numOfShares": 136909515,
    "yieldAnnual": 11.020408163265305,
    "incomeStatement": [
      {
        "revenue": 558484000,
        "netIncome": 92561000,
        "period": "2022A",
        "fPeriodEndDate": 44742,
        "curCode": "AUD"
      },
      {
        "revenue": 276961000,
        "netIncome": 24948000,
        "period": "2021A",
        "fPeriodEndDate": 44377,
        "curCode": "AUD"
      },
      {
        "revenue": 162060000,
        "netIncome": 2433000,
        "period": "2020A",
        "fPeriodEndDate": 44012,
        "curCode": "AUD"
      },
      {
        "revenue": 282696000,
        "netIncome": 17667000,
        "period": "2019A",
        "fPeriodEndDate": 43646,
        "curCode": "AUD"
      }
    ]
  },
  {
    "symbol": "AU1",
    "displayName": "THE AGENCY GROUP AUSTRALIA LTD",
    "industry": "Real Estate",
    "dateListed": "2007-12-18",
    "marketCap": 14571604,
    "xid": "9130940",
    "priceChangeFiveDayPercent": 0,
    "isRecentListing": false,
    "priceAsk": 0.039,
    "priceBid": 0.033,
    "priceChange": 0,
    "priceChangePercent": 0,
    "priceLast": 0.034,
    "sector": "Real Estate",
    "industryGroup": "Real Estate",
    "securityType": 1,
    "volume": 0,
    "statusCode": "",
    "isin": "AU000000AU12",
    "priceClose": 0.034,
    "priceFiftyTwoWeekHigh": 0.058,
    "priceFiftyTwoWeekLow": 0.033,
    "volumeAverage": 275795.680851,
    "cashFlow": 5.316,
    "earningsPerShare": 0.00368,
    "freeCashFlowYield": 0.48230890921017094,
    "priceEarningsRatio": 9.23913,
    "priceToCash": 2.07336,
    "foreignExempt": false,
    "shareDescription": "Ordinary Fully Paid",
    "numOfShares": 428576589,
    "yieldAnnual": 0,
    "incomeStatement": [
      {
        "revenue": 72656000,
        "netIncome": 1588000,
        "period": "2022A",
        "fPeriodEndDate": 44742,
        "curCode": "AUD"
      },
      {
        "revenue": 58966440,
        "netIncome": -1856460,
        "period": "2021A",
        "fPeriodEndDate": 44377,
        "curCode": "AUD"
      },
      {
        "revenue": 41879510,
        "netIncome": -9065340,
        "period": "2020A",
        "fPeriodEndDate": 44012,
        "curCode": "AUD"
      },
      {
        "revenue": 28515700,
        "netIncome": -7830610,
        "period": "2019A",
        "fPeriodEndDate": 43646,
        "curCode": "AUD"
      }
    ]
  },
  {
    "symbol": "TIA",
    "displayName": "TIAN AN AUSTRALIA LIMITED",
    "industry": "Real Estate",
    "dateListed": "1985-12-11",
    "marketCap": 19920031,
    "xid": "225701",
    "priceChangeFiveDayPercent": 0,
    "isRecentListing": false,
    "priceAsk": 0.33,
    "priceBid": 0.23,
    "priceChange": 0,
    "priceChangePercent": 0,
    "priceLast": 0.23,
    "sector": "Real Estate",
    "industryGroup": "Real Estate",
    "securityType": 1,
    "volume": 0,
    "statusCode": "",
    "isin": "AU000000TIA6",
    "priceClose": 0.23,
    "priceFiftyTwoWeekHigh": 0.33,
    "priceFiftyTwoWeekLow": 0.23,
    "volumeAverage": 7074.5,
    "cashFlow": -9.139,
    "earningsPerShare": -0.19551,
    "freeCashFlowYield": -0.0000100000010000001,
    "priceEarningsRatio": -99999.99,
    "priceToCash": -99999.99,
    "foreignExempt": false,
    "shareDescription": "Ordinary Fully Paid",
    "numOfShares": 86608830,
    "yieldAnnual": 0,
    "incomeStatement": [
      {
        "revenue": 1001000,
        "netIncome": 1143000,
        "period": "2021A",
        "fPeriodEndDate": 44561,
        "curCode": "AUD"
      },
      {
        "revenue": 0,
        "netIncome": -24301000,
        "period": "2020A",
        "fPeriodEndDate": 44196,
        "curCode": "AUD"
      },
      {
        "revenue": 1524000,
        "netIncome": -3672000,
        "period": "2019A",
        "fPeriodEndDate": 43830,
        "curCode": "AUD"
      },
      {
        "revenue": 2972000,
        "netIncome": -14920000,
        "period": "2018A",
        "fPeriodEndDate": 43465,
        "curCode": "AUD"
      }
    ]
  },
  {
    "symbol": "TI1",
    "displayName": "TOMBADOR IRON LIMITED",
    "industry": "Real Estate",
    "dateListed": "2004-11-22",
    "marketCap": 49150595,
    "xid": "50941836",
    "priceChangeFiveDayPercent": 0,
    "isRecentListing": false,
    "priceAsk": 0.024,
    "priceBid": 0.021,
    "priceChange": -0.0010000000000000009,
    "priceChangePercent": -4.347826086956526,
    "priceLast": 0.022,
    "sector": "Materials",
    "industryGroup": "Materials",
    "securityType": 1,
    "volume": 482747,
    "statusCode": "",
    "isin": "AU0000107211",
    "priceClose": 0.023,
    "priceDayHigh": 0.022,
    "priceDayLow": 0.021,
    "priceFiftyTwoWeekHigh": 0.055,
    "priceFiftyTwoWeekLow": 0.02,
    "volumeAverage": 1034622.593023,
    "cashFlow": -24.96783,
    "earningsPerShare": 0.00563,
    "freeCashFlowYield": -0.0000100000010000001,
    "priceEarningsRatio": 3.73002,
    "priceToCash": -99999.99,
    "foreignExempt": false,
    "shareDescription": "Ordinary Fully Paid",
    "numOfShares": 2136982373,
    "yieldAnnual": 0,
    "incomeStatement": [
      {
        "revenue": 41570,
        "netIncome": -8625370,
        "period": "2021A",
        "fPeriodEndDate": 44377,
        "curCode": "AUD"
      },
      {
        "revenue": 130,
        "netIncome": -1099880,
        "period": "2020A",
        "fPeriodEndDate": 44012,
        "curCode": "AUD"
      },
      {
        "revenue": 2710140,
        "netIncome": -5387370,
        "period": "2019A",
        "fPeriodEndDate": 43646,
        "curCode": "AUD"
      },
      {
        "revenue": 5478210,
        "netIncome": -1742750,
        "period": "2018A",
        "fPeriodEndDate": 43281,
        "curCode": "AUD"
      }
    ]
  },
  {
    "symbol": "UUL",
    "displayName": "ULTIMA UNITED LIMITED",
    "industry": "Real Estate",
    "dateListed": "2007-06-01",
    "marketCap": 6964215,
    "xid": "7402563",
    "priceChangeFiveDayPercent": 30.303030303030308,
    "isRecentListing": false,
    "priceAsk": 0.08600000000000001,
    "priceBid": 0.08,
    "priceChange": -0.008999999999999994,
    "priceChangePercent": -9.47368421052631,
    "priceLast": 0.08600000000000001,
    "sector": "Real Estate",
    "industryGroup": "Real Estate",
    "securityType": 1,
    "volume": 298293,
    "statusCode": "",
    "isin": "AU000000UUL6",
    "priceClose": 0.095,
    "priceDayHigh": 0.095,
    "priceDayLow": 0.08600000000000001,
    "priceFiftyTwoWeekHigh": 0.945,
    "priceFiftyTwoWeekLow": 0.056,
    "volumeAverage": 151299.36,
    "cashFlow": -9.4021,
    "earningsPerShare": -0.00038,
    "freeCashFlowYield": -0.0000100000010000001,
    "priceEarningsRatio": -99999.99,
    "priceToCash": -99999.99,
    "foreignExempt": false,
    "shareDescription": "Ordinary Fully Paid",
    "numOfShares": 73307524,
    "yieldAnnual": 0,
    "incomeStatement": [
      {
        "revenue": 285880,
        "netIncome": -14590,
        "period": "2022A",
        "fPeriodEndDate": 44742,
        "curCode": "AUD"
      },
      {
        "revenue": 283530,
        "netIncome": -250510,
        "period": "2021A",
        "fPeriodEndDate": 44377,
        "curCode": "AUD"
      },
      {
        "revenue": 988280,
        "netIncome": -268040,
        "period": "2020A",
        "fPeriodEndDate": 44012,
        "curCode": "AUD"
      },
      {
        "revenue": 33330,
        "netIncome": -538100,
        "period": "2019A",
        "fPeriodEndDate": 43646,
        "curCode": "AUD"
      }
    ]
  },
  {
    "symbol": "URW",
    "displayName": "UNIBAIL-RODAMCO-WESTFIELD",
    "industry": "Real Estate",
    "dateListed": "2018-05-31",
    "marketCap": 8797833379,
    "xid": "471694424",
    "priceChangeFiveDayPercent": -11.634349030470913,
    "isRecentListing": false,
    "priceAsk": 3.4,
    "priceBid": 3.14,
    "priceChange": 0.020000000000000018,
    "priceChangePercent": 0.6309148264984233,
    "priceLast": 3.19,
    "sector": "Real Estate",
    "industryGroup": "Real Estate",
    "securityType": 1,
    "volume": 2141764,
    "statusCode": "",
    "isin": "AU0000009771",
    "priceClose": 3.17,
    "priceDayHigh": 3.23,
    "priceDayLow": 3.17,
    "priceFiftyTwoWeekHigh": 5.73,
    "priceFiftyTwoWeekLow": 3.13,
    "volumeAverage": 557960.193548,
    "dateExDate": "2020-03-24",
    "datePayDate": "2020-04-09",
    "dateRecordDate": "2020-03-25",
    "dividend": 0.3509,
    "dividendType": "F",
    "frankingPercent": 0,
    "foreignExempt": true,
    "shareDescription": "Cdi 20:1 Foreign Exempt Xpar",
    "numOfShares": 2775341760,
    "yieldAnnual": 0,
    "incomeStatement": [
      {
        "revenue": 2519700000,
        "netIncome": -972000000,
        "period": "2021A",
        "fPeriodEndDate": 44561,
        "curCode": "EUR"
      },
      {
        "revenue": 2646100000,
        "netIncome": -7212600000,
        "period": "2020A",
        "fPeriodEndDate": 44196,
        "curCode": "EUR"
      },
      {
        "revenue": 3380900000,
        "netIncome": 1103300000,
        "period": "2019A",
        "fPeriodEndDate": 43830,
        "curCode": "EUR"
      },
      {
        "revenue": 2734000000,
        "netIncome": 1031200000,
        "period": "2018A",
        "fPeriodEndDate": 43465,
        "curCode": "EUR"
      }
    ]
  },
  {
    "symbol": "UOS",
    "displayName": "UNITED OVERSEAS AUSTRALIA LIMITED",
    "industry": "Real Estate",
    "dateListed": "1988-02-17",
    "marketCap": 827997649,
    "xid": "277508",
    "priceChangeFiveDayPercent": 1.8518518518518534,
    "isRecentListing": false,
    "priceAsk": 0.55,
    "priceBid": 0.535,
    "priceChange": 0.010000000000000009,
    "priceChangePercent": 1.8518518518518534,
    "priceLast": 0.55,
    "sector": "Real Estate",
    "industryGroup": "Real Estate",
    "securityType": 1,
    "volume": 25000,
    "statusCode": "",
    "isin": "AU000000UOS4",
    "priceClose": 0.54,
    "priceDayHigh": 0.55,
    "priceDayLow": 0.55,
    "priceFiftyTwoWeekHigh": 0.755,
    "priceFiftyTwoWeekLow": 0.52,
    "volumeAverage": 33476.449275,
    "dateExDate": "2022-05-10",
    "datePayDate": "2022-06-03",
    "dateRecordDate": "2022-05-11",
    "dividend": 0.0135,
    "dividendType": "F",
    "frankingPercent": 0,
    "cashFlow": 43.651,
    "earningsPerShare": 0.0554,
    "freeCashFlowYield": 0.439386616283668,
    "priceEarningsRatio": 9.74729,
    "priceToCash": 2.2759,
    "foreignExempt": false,
    "shareDescription": "Ordinary Fully Paid",
    "numOfShares": 1533328979,
    "yieldAnnual": 2.5,
    "incomeStatement": [
      {
        "revenue": 283790000,
        "netIncome": 80289000,
        "period": "2021A",
        "fPeriodEndDate": 44561,
        "curCode": "AUD"
      },
      {
        "revenue": 396508000,
        "netIncome": 97343000,
        "period": "2020A",
        "fPeriodEndDate": 44196,
        "curCode": "AUD"
      },
      {
        "revenue": 532572000,
        "netIncome": 91789000,
        "period": "2019A",
        "fPeriodEndDate": 43830,
        "curCode": "AUD"
      },
      {
        "revenue": 556902000,
        "netIncome": 100836000,
        "period": "2018A",
        "fPeriodEndDate": 43465,
        "curCode": "AUD"
      }
    ]
  },
  {
    "symbol": "URF",
    "displayName": "US MASTERS RESIDENTIAL PROPERTY FUND",
    "industry": "Real Estate",
    "dateListed": "2012-07-23",
    "marketCap": 108271466,
    "xid": "48279033",
    "priceChangeFiveDayPercent": -8.474576271186429,
    "isRecentListing": false,
    "priceAsk": 0.27,
    "priceBid": 0.265,
    "priceChange": 0,
    "priceChangePercent": 0,
    "priceLast": 0.27,
    "sector": "Real Estate",
    "industryGroup": "Real Estate",
    "securityType": 6,
    "volume": 2360334,
    "statusCode": "",
    "isin": "AU000000URF4",
    "priceClose": 0.27,
    "priceDayHigh": 0.28,
    "priceDayLow": 0.265,
    "priceFiftyTwoWeekHigh": 0.39,
    "priceFiftyTwoWeekLow": 0.185,
    "volumeAverage": 1650944.602151,
    "dateExDate": "2019-06-27",
    "datePayDate": "2019-08-23",
    "dateRecordDate": "2019-06-28",
    "dividend": 0.01,
    "dividendType": "I",
    "frankingPercent": 0,
    "cashFlow": -19.97666,
    "earningsPerShare": 0.02246,
    "freeCashFlowYield": 0.07824303695653365,
    "priceEarningsRatio": 12.68923,
    "priceToCash": 12.78069,
    "foreignExempt": false,
    "shareDescription": "Ordinary Units Fully Paid",
    "numOfShares": 401005429,
    "yieldAnnual": 0,
    "incomeStatement": [
      {
        "revenue": 39400760,
        "netIncome": 21140020,
        "period": "2021A",
        "fPeriodEndDate": 44561,
        "curCode": "AUD"
      },
      {
        "revenue": 45872680,
        "netIncome": -95519720,
        "period": "2020A",
        "fPeriodEndDate": 44196,
        "curCode": "AUD"
      },
      {
        "revenue": 50685290,
        "netIncome": -154512950,
        "period": "2019A",
        "fPeriodEndDate": 43830,
        "curCode": "AUD"
      },
      {
        "revenue": 39261610,
        "netIncome": -28135040,
        "period": "2018A",
        "fPeriodEndDate": 43465,
        "curCode": "AUD"
      }
    ]
  },
  {
    "symbol": "USQ",
    "displayName": "US STUDENT HOUSING REIT",
    "industry": "Real Estate",
    "dateListed": "2022-03-08",
    "marketCap": 64427813,
    "xid": "696657316",
    "priceChangeFiveDayPercent": -1.6949152542372898,
    "isRecentListing": false,
    "priceAsk": 1.21,
    "priceBid": 1.16,
    "priceChange": 0,
    "priceChangePercent": 0,
    "priceLast": 1.16,
    "sector": "Real Estate",
    "industryGroup": "Real Estate",
    "securityType": 6,
    "volume": 1419,
    "statusCode": "",
    "isin": "AU0000199911",
    "priceClose": 1.16,
    "priceDayHigh": 1.16,
    "priceDayLow": 1.16,
    "priceFiftyTwoWeekHigh": 1.4,
    "priceFiftyTwoWeekLow": 1.065,
    "volumeAverage": 15410.820896,
    "dateExDate": "2022-08-18",
    "datePayDate": "2022-08-30",
    "dateRecordDate": "2022-08-19",
    "dividend": 0.0151,
    "dividendType": "F",
    "frankingPercent": 0,
    "cashFlow": -28.97967,
    "earningsPerShare": -0.08551,
    "freeCashFlowYield": -0.0000100000010000001,
    "priceEarningsRatio": -99999.99,
    "priceToCash": -99999.99,
    "foreignExempt": false,
    "shareDescription": "Ordinary Units Fully Paid",
    "numOfShares": 55541218,
    "yieldAnnual": 0,
    "incomeStatement": [
      {
        "revenue": 0,
        "netIncome": 115000,
        "period": "2021A",
        "fPeriodEndDate": 44377,
        "curCode": "USD"
      }
    ]
  },
  {
    "symbol": "VCX",
    "displayName": "VICINITY CENTRES",
    "industry": "Real Estate",
    "dateListed": "2011-12-05",
    "marketCap": 7647822601,
    "xid": "40340790",
    "priceChangeFiveDayPercent": -1.6997167138810088,
    "isRecentListing": false,
    "priceAsk": 1.735,
    "priceBid": 1.72,
    "priceChange": 0.05500000000000016,
    "priceChangePercent": 3.2738095238095335,
    "priceLast": 1.735,
    "sector": "Real Estate",
    "industryGroup": "Real Estate",
    "securityType": 6,
    "volume": 20974035,
    "statusCode": "",
    "isin": "AU000000VCX7",
    "priceClose": 1.68,
    "priceDayHigh": 1.735,
    "priceDayLow": 1.7,
    "priceFiftyTwoWeekHigh": 2.15,
    "priceFiftyTwoWeekLow": 1.56,
    "volumeAverage": 12996347.795699,
    "dateExDate": "2022-08-22",
    "datePayDate": "2022-09-12",
    "dateRecordDate": "2022-08-23",
    "dividend": 0.057,
    "dividendType": "F",
    "frankingPercent": 0,
    "cashFlow": 73.6,
    "earningsPerShare": 0.26642,
    "freeCashFlowYield": 0.1559021433426667,
    "priceEarningsRatio": 6.45597,
    "priceToCash": 6.41428,
    "foreignExempt": false,
    "shareDescription": "Fully Paid Ordinary/units Stapled Securities",
    "numOfShares": 4552275358,
    "yieldAnnual": 6.190476190476191,
    "incomeStatement": [
      {
        "revenue": 1182400000,
        "netIncome": 1215200000,
        "period": "2022A",
        "fPeriodEndDate": 44742,
        "curCode": "AUD"
      },
      {
        "revenue": 1169200000,
        "netIncome": -258000000,
        "period": "2021A",
        "fPeriodEndDate": 44377,
        "curCode": "AUD"
      },
      {
        "revenue": 1216300000,
        "netIncome": -1801000000,
        "period": "2020A",
        "fPeriodEndDate": 44012,
        "curCode": "AUD"
      },
      {
        "revenue": 1286500000,
        "netIncome": 346100000,
        "period": "2019A",
        "fPeriodEndDate": 43646,
        "curCode": "AUD"
      }
    ]
  },
  {
    "symbol": "VOL",
    "displayName": "VICTORY OFFICES LIMITED",
    "industry": "Real Estate",
    "dateListed": "2019-06-14",
    "marketCap": 5682529,
    "xid": "538758709",
    "priceChangeFiveDayPercent": -9.999999999999993,
    "isRecentListing": false,
    "priceAsk": 0.041,
    "priceBid": 0.036000000000000004,
    "priceChange": 0,
    "priceChangePercent": 0,
    "priceLast": 0.036000000000000004,
    "sector": "Real Estate",
    "industryGroup": "Real Estate",
    "securityType": 1,
    "volume": 10204,
    "upcomingEventName": "2022 Annual General Meeting",
    "statusCode": "",
    "isin": "AU0000046609",
    "priceClose": 0.036000000000000004,
    "priceDayHigh": 0.036000000000000004,
    "priceDayLow": 0.036000000000000004,
    "priceFiftyTwoWeekHigh": 0.235,
    "priceFiftyTwoWeekLow": 0.015,
    "volumeAverage": 246190.2,
    "cashFlow": -10.90181,
    "earningsPerShare": -0.31745,
    "freeCashFlowYield": -0.0000100000010000001,
    "priceEarningsRatio": -99999.99,
    "priceToCash": -99999.99,
    "foreignExempt": false,
    "shareDescription": "Ordinary Fully Paid",
    "numOfShares": 157848016,
    "yieldAnnual": 0,
    "incomeStatement": [
      {
        "revenue": 14123740,
        "netIncome": -50109660,
        "period": "2022A",
        "fPeriodEndDate": 44742,
        "curCode": "AUD"
      },
      {
        "revenue": 16387930,
        "netIncome": -36570960,
        "period": "2021A",
        "fPeriodEndDate": 44377,
        "curCode": "AUD"
      },
      {
        "revenue": 43764140,
        "netIncome": -8069380,
        "period": "2020A",
        "fPeriodEndDate": 44012,
        "curCode": "AUD"
      },
      {
        "revenue": 47622700,
        "netIncome": 9596500,
        "period": "2019A",
        "fPeriodEndDate": 43646,
        "curCode": "AUD"
      }
    ]
  },
  {
    "symbol": "WPR",
    "displayName": "WAYPOINT REIT",
    "industry": "Real Estate",
    "dateListed": "2016-08-03",
    "marketCap": 1665650720,
    "xid": "358093196",
    "priceChangeFiveDayPercent": -6.024096385542182,
    "isRecentListing": false,
    "priceAsk": 2.34,
    "priceBid": 2.31,
    "priceChange": 0,
    "priceChangePercent": 0,
    "priceLast": 2.34,
    "sector": "Real Estate",
    "industryGroup": "Real Estate",
    "securityType": 6,
    "volume": 2464450,
    "statusCode": "RE|XD",
    "isin": "AU0000088064",
    "priceClose": 2.34,
    "priceDayHigh": 2.34,
    "priceDayLow": 2.31,
    "priceFiftyTwoWeekHigh": 3.05905,
    "priceFiftyTwoWeekLow": 2.15,
    "volumeAverage": 1997090.473118,
    "dateExDate": "2022-09-29",
    "datePayDate": "2022-11-15",
    "dateRecordDate": "2022-09-30",
    "dividend": 0.0395,
    "dividendType": "I",
    "frankingPercent": 0,
    "cashFlow": -32.5,
    "earningsPerShare": 0.53452,
    "freeCashFlowYield": -0.0000100000010000001,
    "priceEarningsRatio": 4.43388,
    "priceToCash": -99999.99,
    "foreignExempt": false,
    "shareDescription": "Fully Paid Ordinary/units Stapled Securities",
    "numOfShares": 711816547,
    "yieldAnnual": 5.6410256410256405,
    "incomeStatement": [
      {
        "revenue": 178400000,
        "netIncome": 443600000,
        "period": "2021A",
        "fPeriodEndDate": 44561,
        "curCode": "AUD"
      },
      {
        "revenue": 181800000,
        "netIncome": 279900000,
        "period": "2020A",
        "fPeriodEndDate": 44196,
        "curCode": "AUD"
      },
      {
        "revenue": 173273000,
        "netIncome": 197634000,
        "period": "2019A",
        "fPeriodEndDate": 43830,
        "curCode": "AUD"
      },
      {
        "revenue": 163407000,
        "netIncome": 167076000,
        "period": "2018A",
        "fPeriodEndDate": 43465,
        "curCode": "AUD"
      }
    ]
  },
  {
    "symbol": "WTN",
    "displayName": "WINTON LAND LIMITED",
    "industry": "Real Estate",
    "dateListed": "2021-12-17",
    "marketCap": 771195714,
    "xid": "694335523",
    "priceChangeFiveDayPercent": 0,
    "isRecentListing": false,
    "priceAsk": 3.2,
    "priceChange": 0,
    "priceChangePercent": 0,
    "priceLast": 2.6,
    "sector": "Real Estate",
    "industryGroup": "Real Estate",
    "securityType": 1,
    "volume": 0,
    "statusCode": "",
    "isin": "NZWINE0003S1",
    "priceClose": 2.6,
    "priceFiftyTwoWeekHigh": 3.76,
    "priceFiftyTwoWeekLow": 2.6,
    "volumeAverage": 1827.875,
    "dateExDate": "2022-08-30",
    "datePayDate": "2022-09-14",
    "dateRecordDate": "2022-08-31",
    "dividend": 0.0095,
    "dividendType": "F",
    "frankingPercent": 0,
    "cashFlow": -99999.99,
    "earningsPerShare": -99999.99,
    "freeCashFlowYield": -0.0000100000010000001,
    "priceEarningsRatio": -99999.99,
    "priceToCash": -99999.99,
    "foreignExempt": true,
    "shareDescription": "Ordinary Fully Paid Foreign Exempt Nzx",
    "numOfShares": 296613736,
    "yieldAnnual": 0,
    "incomeStatement": [
      {
        "revenue": 176980000,
        "netIncome": 46094000,
        "period": "2021A",
        "fPeriodEndDate": 44377,
        "curCode": "NZD"
      },
      {
        "revenue": 30776000,
        "netIncome": -11318000,
        "period": "2020A",
        "fPeriodEndDate": 44012,
        "curCode": "NZD"
      },
      {
        "revenue": 51201000,
        "netIncome": 7198000,
        "period": "2019A",
        "fPeriodEndDate": 43646,
        "curCode": "NZD"
      },
      {
        "revenue": 68463000,
        "netIncome": 11023000,
        "period": "2018A",
        "fPeriodEndDate": 43281,
        "curCode": "NZD"
      }
    ]
  },
  {
    "symbol": "WOT",
    "displayName": "WOTSO PROPERTY",
    "industry": "Real Estate",
    "dateListed": "2011-10-28",
    "marketCap": 202566761,
    "xid": "39358612",
    "priceChangeFiveDayPercent": -4.615384615384619,
    "isRecentListing": false,
    "priceAsk": 1.35,
    "priceBid": 1.24,
    "priceChange": 0,
    "priceChangePercent": 0,
    "priceLast": 1.24,
    "sector": "Real Estate",
    "industryGroup": "Real Estate",
    "securityType": 6,
    "volume": 11479,
    "statusCode": "",
    "isin": "AU0000136863",
    "priceClose": 1.24,
    "priceDayHigh": 1.24,
    "priceDayLow": 1.24,
    "priceFiftyTwoWeekHigh": 1.475,
    "priceFiftyTwoWeekLow": 1.2,
    "volumeAverage": 19331.283582,
    "dateExDate": "2022-08-15",
    "datePayDate": "2022-09-06",
    "dateRecordDate": "2022-08-16",
    "dividend": 0.03,
    "dividendType": "F",
    "frankingPercent": 0,
    "cashFlow": 11.538,
    "earningsPerShare": 0.1876,
    "freeCashFlowYield": 0.2545235192457959,
    "priceEarningsRatio": 6.84968,
    "priceToCash": 3.92891,
    "foreignExempt": false,
    "shareDescription": "Fully Paid Ordinary/units Stapled Securities",
    "numOfShares": 163360291,
    "yieldAnnual": 4.838709677419355,
    "incomeStatement": [
      {
        "revenue": 39918000,
        "netIncome": 30569000,
        "period": "2022A",
        "fPeriodEndDate": 44742,
        "curCode": "AUD"
      },
      {
        "revenue": 30269000,
        "netIncome": 5727000,
        "period": "2021A",
        "fPeriodEndDate": 44377,
        "curCode": "AUD"
      },
      {
        "revenue": 24668000,
        "netIncome": 7397000,
        "period": "2020A",
        "fPeriodEndDate": 44012,
        "curCode": "AUD"
      },
      {
        "revenue": 25518000,
        "netIncome": 4393000,
        "period": "2019A",
        "fPeriodEndDate": 43646,
        "curCode": "AUD"
      }
    ]
  }
]