[
  {
    "symbol": "TGP",
    "displayName": "360 CAPITAL GROUP",
    "industry": "Financial Services",
    "dateListed": "2005-07-26",
    "marketCap": 190534455,
    "xid": "2524743",
    "priceChangeFiveDayPercent": -0.6289308176100634,
    "isRecentListing": false,
    "priceAsk": 0.795,
    "priceBid": 0.785,
    "priceChange": 0.0050000000000000044,
    "priceChangePercent": 0.6369426751592362,
    "priceLast": 0.79,
    "sector": "Financials",
    "industryGroup": "Financial Services",
    "securityType": 6,
    "volume": 21176,
    "statusCode": "",
    "isin": "AU000000TGP8",
    "priceClose": 0.785,
    "priceDayHigh": 0.795,
    "priceDayLow": 0.78,
    "priceFiftyTwoWeekHigh": 1.04,
    "priceFiftyTwoWeekLow": 0.75,
    "volumeAverage": 60483.45977,
    "dateExDate": "2022-12-29",
    "datePayDate": "2023-01-25",
    "dateRecordDate": "2022-12-30",
    "dividend": 0.0225,
    "dividendType": "I",
    "frankingPercent": 0,
    "cashFlow": -18.036,
    "earningsPerShare": 0.02484,
    "freeCashFlowYield": 0.02914958136828718,
    "priceEarningsRatio": 31.60225,
    "priceToCash": 34.30581,
    "foreignExempt": false,
    "shareDescription": "Fully Paid Ordinary/units Stapled Securities",
    "numOfShares": 242719051,
    "yieldAnnual": 6.6455696202531644,
    "incomeStatement": [
      {
        "revenue": 8652000,
        "netIncome": 31671000,
        "period": "2022A",
        "fPeriodEndDate": 44742,
        "curCode": "AUD"
      },
      {
        "revenue": 15472000,
        "netIncome": 5290000,
        "period": "2021A",
        "fPeriodEndDate": 44377,
        "curCode": "AUD"
      },
      {
        "revenue": 6680000,
        "netIncome": 1345000,
        "period": "2020A",
        "fPeriodEndDate": 44012,
        "curCode": "AUD"
      },
      {
        "revenue": 9056000,
        "netIncome": 1594000,
        "period": "2019A",
        "fPeriodEndDate": 43646,
        "curCode": "AUD"
      }
    ]
  },
  {
    "symbol": "8IH",
    "displayName": "8I HOLDINGS LTD",
    "industry": "Financial Services",
    "dateListed": "2014-12-17",
    "marketCap": 7861832,
    "xid": "80536669",
    "priceChangeFiveDayPercent": 20,
    "isRecentListing": false,
    "priceAsk": 0.039,
    "priceBid": 0.021,
    "priceChange": 0.0020000000000000018,
    "priceChangePercent": 9.090909090909099,
    "priceLast": 0.024,
    "sector": "Financials",
    "industryGroup": "Financial Services",
    "securityType": 1,
    "volume": 29000,
    "statusCode": "",
    "isin": "AU0000008IH1",
    "priceClose": 0.022,
    "priceDayHigh": 0.024,
    "priceDayLow": 0.024,
    "priceFiftyTwoWeekHigh": 0.135,
    "priceFiftyTwoWeekLow": 0.02,
    "volumeAverage": 75151.596491,
    "dateExDate": "2017-08-11",
    "datePayDate": "2017-09-01",
    "dateRecordDate": "2017-08-14",
    "dividend": 0.0023,
    "dividendType": "F",
    "frankingPercent": 0,
    "cashFlow": 11.43249,
    "earningsPerShare": -0.04531,
    "freeCashFlowYield": -0.0000100000010000001,
    "priceEarningsRatio": -99999.99,
    "priceToCash": -99999.99,
    "foreignExempt": false,
    "shareDescription": "Chess Depositary Interests 1:1",
    "numOfShares": 357355990,
    "yieldAnnual": 0,
    "incomeStatement": [
      {
        "revenue": 24026910,
        "netIncome": -4163180,
        "period": "2022A",
        "fPeriodEndDate": 44651,
        "curCode": "SGD"
      },
      {
        "revenue": 32530300,
        "netIncome": 7946620,
        "period": "2021A",
        "fPeriodEndDate": 44286,
        "curCode": "SGD"
      },
      {
        "revenue": 9341010,
        "netIncome": -3679180,
        "period": "2020A",
        "fPeriodEndDate": 43921,
        "curCode": "SGD"
      },
      {
        "revenue": 18489690,
        "netIncome": -9849440,
        "period": "2019A",
        "fPeriodEndDate": 43555,
        "curCode": "SGD"
      }
    ]
  },
  {
    "symbol": "AYI",
    "displayName": "A1 INVESTMENTS & RESOURCES LTD",
    "industry": "Financial Services",
    "dateListed": "2007-10-02",
    "marketCap": 20527433,
    "xid": "633104981",
    "priceChangeFiveDayPercent": 0,
    "isRecentListing": false,
    "priceAsk": 0.001,
    "priceChange": 0,
    "priceChangePercent": 0,
    "priceLast": 0.001,
    "sector": "Financials",
    "industryGroup": "Financial Services",
    "securityType": 1,
    "volume": 0,
    "statusCode": "",
    "isin": "AU000000AYI6",
    "priceClose": 0.001,
    "priceFiftyTwoWeekHigh": 0.002,
    "priceFiftyTwoWeekLow": 0.001,
    "volumeAverage": 243368.761194,
    "cashFlow": -0.66006,
    "earningsPerShare": -0.00005,
    "freeCashFlowYield": -0.0000100000010000001,
    "priceEarningsRatio": -99999.99,
    "priceToCash": -99999.99,
    "foreignExempt": false,
    "shareDescription": "Ordinary Fully Paid",
    "numOfShares": 20527433025,
    "yieldAnnual": 0,
    "incomeStatement": [
      {
        "revenue": 108170,
        "netIncome": -1003920,
        "period": "2022A",
        "fPeriodEndDate": 44742,
        "curCode": "AUD"
      },
      {
        "revenue": 296680,
        "netIncome": -1505100,
        "period": "2021A",
        "fPeriodEndDate": 44377,
        "curCode": "AUD"
      },
      {
        "revenue": 435490,
        "netIncome": -1143320,
        "period": "2020A",
        "fPeriodEndDate": 44012,
        "curCode": "AUD"
      },
      {
        "revenue": 269110,
        "netIncome": -2575680,
        "period": "2019A",
        "fPeriodEndDate": 43646,
        "curCode": "AUD"
      }
    ]
  },
  {
    "symbol": "ASW",
    "displayName": "ADVANCED SHARE REGISTRY LIMITED",
    "industry": "Financial Services",
    "dateListed": "2008-06-10",
    "marketCap": 25143011,
    "xid": "11848740",
    "priceChangeFiveDayPercent": -7.142857142857149,
    "isRecentListing": false,
    "priceAsk": 0.14,
    "priceBid": 0.13,
    "priceChange": 0,
    "priceChangePercent": 0,
    "priceLast": 0.13,
    "sector": "Financials",
    "industryGroup": "Financial Services",
    "securityType": 1,
    "volume": 0,
    "statusCode": "",
    "isin": "AU000000ASW9",
    "priceClose": 0.13,
    "priceFiftyTwoWeekHigh": 0.315,
    "priceFiftyTwoWeekLow": 0.11,
    "volumeAverage": 42479.363636,
    "dateExDate": "2023-02-03",
    "datePayDate": "2023-02-08",
    "dateRecordDate": "2023-02-06",
    "dividend": 0.005,
    "dividendType": "I",
    "frankingPercent": 100,
    "cashFlow": -0.86894,
    "earningsPerShare": 0.00784,
    "freeCashFlowYield": 0.07190028867965906,
    "priceEarningsRatio": 16.58163,
    "priceToCash": 13.90815,
    "foreignExempt": false,
    "shareDescription": "Ordinary Fully Paid",
    "numOfShares": 193407776,
    "yieldAnnual": 7.6923076923076925,
    "incomeStatement": [
      {
        "revenue": 5789770,
        "netIncome": 1758600,
        "period": "2022A",
        "fPeriodEndDate": 44742,
        "curCode": "AUD"
      },
      {
        "revenue": 7112860,
        "netIncome": 2567040,
        "period": "2021A",
        "fPeriodEndDate": 44377,
        "curCode": "AUD"
      },
      {
        "revenue": 5765420,
        "netIncome": 1523390,
        "period": "2020A",
        "fPeriodEndDate": 44012,
        "curCode": "AUD"
      },
      {
        "revenue": 5428900,
        "netIncome": 1485550,
        "period": "2019A",
        "fPeriodEndDate": 43646,
        "curCode": "AUD"
      }
    ]
  },
  {
    "symbol": "AMP",
    "displayName": "AMP LIMITED",
    "industry": "Financial Services",
    "dateListed": "1998-06-15",
    "marketCap": 2953918692,
    "xid": "44817",
    "priceChangeFiveDayPercent": -0.5025125628140708,
    "isRecentListing": false,
    "priceAsk": 0.995,
    "priceBid": 0.985,
    "priceChange": 0.0050000000000000044,
    "priceChangePercent": 0.50761421319797,
    "priceLast": 0.99,
    "sector": "Financials",
    "industryGroup": "Financial Services",
    "securityType": 1,
    "volume": 14194086,
    "statusCode": "XD",
    "isin": "AU000000AMP6",
    "priceClose": 0.985,
    "priceDayHigh": 1.0150000000000001,
    "priceDayLow": 0.9775,
    "priceFiftyTwoWeekHigh": 1.4,
    "priceFiftyTwoWeekLow": 0.93,
    "volumeAverage": 12249848,
    "dateExDate": "2023-03-01",
    "datePayDate": "2023-04-03",
    "dateRecordDate": "2023-03-02",
    "dividend": 0.025,
    "dividendType": "F",
    "frankingPercent": 20,
    "cashFlow": 2529,
    "earningsPerShare": -0.00282,
    "freeCashFlowYield": -0.0000100000010000001,
    "priceEarningsRatio": -99999.99,
    "priceToCash": -99999.99,
    "foreignExempt": false,
    "shareDescription": "Ordinary Fully Paid",
    "numOfShares": 2998902225,
    "yieldAnnual": 2.525252525252525,
    "incomeStatement": [
      {
        "revenue": 2268000000,
        "netIncome": 387000000,
        "period": "2022A",
        "fPeriodEndDate": 44926,
        "curCode": "AUD"
      },
      {
        "revenue": 3081000000,
        "netIncome": -252000000,
        "period": "2021A",
        "fPeriodEndDate": 44561,
        "curCode": "AUD"
      },
      {
        "revenue": 3346000000,
        "netIncome": 177000000,
        "period": "2020A",
        "fPeriodEndDate": 44196,
        "curCode": "AUD"
      },
      {
        "revenue": 3950000000,
        "netIncome": -2467000000,
        "period": "2019A",
        "fPeriodEndDate": 43830,
        "curCode": "AUD"
      }
    ]
  },
  {
    "symbol": "ARC",
    "displayName": "ARC FUNDS LIMITED",
    "industry": "Financial Services",
    "dateListed": "2000-04-14",
    "marketCap": 6165652,
    "xid": "80670972",
    "priceChangeFiveDayPercent": -10.869565217391301,
    "isRecentListing": false,
    "priceAsk": 0.21,
    "priceBid": 0.20500000000000002,
    "priceChange": 0,
    "priceChangePercent": 0,
    "priceLast": 0.20500000000000002,
    "sector": "Financials",
    "industryGroup": "Financial Services",
    "securityType": 1,
    "volume": 36837,
    "statusCode": "",
    "isin": "AU000000ARC3",
    "priceClose": 0.20500000000000002,
    "priceDayHigh": 0.20750000000000002,
    "priceDayLow": 0.20500000000000002,
    "priceFiftyTwoWeekHigh": 0.65,
    "priceFiftyTwoWeekLow": 0.205,
    "volumeAverage": 14487.970588,
    "cashFlow": -0.64916,
    "earningsPerShare": -0.0334,
    "freeCashFlowYield": -0.0000100000010000001,
    "priceEarningsRatio": -99999.99,
    "priceToCash": -99999.99,
    "foreignExempt": false,
    "shareDescription": "Ordinary Fully Paid",
    "numOfShares": 30076352,
    "yieldAnnual": 0,
    "incomeStatement": [
      {
        "revenue": 4920,
        "netIncome": -612430,
        "period": "2022A",
        "fPeriodEndDate": 44742,
        "curCode": "AUD"
      },
      {
        "revenue": -176910,
        "netIncome": -577490,
        "period": "2021A",
        "fPeriodEndDate": 44377,
        "curCode": "AUD"
      },
      {
        "revenue": -606110,
        "netIncome": -1148710,
        "period": "2020A",
        "fPeriodEndDate": 44012,
        "curCode": "AUD"
      },
      {
        "revenue": -2032890,
        "netIncome": -2478950,
        "period": "2019A",
        "fPeriodEndDate": 43646,
        "curCode": "AUD"
      }
    ]
  },
  {
    "symbol": "AFA",
    "displayName": "ASF GROUP LIMITED",
    "industry": "Financial Services",
    "dateListed": "1985-05-29",
    "marketCap": 33283384,
    "xid": "82542",
    "priceChangeFiveDayPercent": 0,
    "isRecentListing": false,
    "priceAsk": 0.053,
    "priceChange": 0,
    "priceChangePercent": 0,
    "priceLast": 0.042,
    "sector": "Financials",
    "industryGroup": "Financial Services",
    "securityType": 1,
    "volume": 0,
    "statusCode": "",
    "isin": "AU000000AFA2",
    "priceClose": 0.042,
    "priceFiftyTwoWeekHigh": 0.06,
    "priceFiftyTwoWeekLow": 0.035,
    "volumeAverage": 21831.75,
    "cashFlow": -2.919,
    "earningsPerShare": -0.00678,
    "freeCashFlowYield": -0.0000100000010000001,
    "priceEarningsRatio": -99999.99,
    "priceToCash": -99999.99,
    "foreignExempt": false,
    "shareDescription": "Ordinary Fully Paid",
    "numOfShares": 792461516,
    "yieldAnnual": 0,
    "incomeStatement": [
      {
        "revenue": 2200000,
        "netIncome": -4062000,
        "period": "2022A",
        "fPeriodEndDate": 44742,
        "curCode": "AUD"
      },
      {
        "revenue": 1529000,
        "netIncome": -3233000,
        "period": "2021A",
        "fPeriodEndDate": 44377,
        "curCode": "AUD"
      },
      {
        "revenue": 4338000,
        "netIncome": -5946000,
        "period": "2020A",
        "fPeriodEndDate": 44012,
        "curCode": "AUD"
      },
      {
        "revenue": 1472000,
        "netIncome": -2963000,
        "period": "2019A",
        "fPeriodEndDate": 43646,
        "curCode": "AUD"
      }
    ]
  },
  {
    "symbol": "APL",
    "displayName": "ASSOCIATE GLOBAL PARTNERS LIMITED",
    "industry": "Financial Services",
    "dateListed": "2004-09-30",
    "marketCap": 13557849,
    "xid": "236661",
    "priceChangeFiveDayPercent": 0,
    "isRecentListing": false,
    "priceAsk": 0.27,
    "priceChange": 0,
    "priceChangePercent": 0,
    "priceLast": 0.28,
    "sector": "Financials",
    "industryGroup": "Financial Services",
    "securityType": 1,
    "volume": 0,
    "statusCode": "",
    "isin": "AU0000251514",
    "priceClose": 0.28,
    "priceFiftyTwoWeekHigh": 0.68,
    "priceFiftyTwoWeekLow": 0.2,
    "volumeAverage": 14362.5,
    "cashFlow": -2.088,
    "earningsPerShare": -0.0357,
    "freeCashFlowYield": -0.0000100000010000001,
    "priceEarningsRatio": -99999.99,
    "priceToCash": -99999.99,
    "foreignExempt": false,
    "shareDescription": "Ordinary Fully Paid",
    "numOfShares": 48420888,
    "yieldAnnual": 0,
    "incomeStatement": [
      {
        "revenue": 6209000,
        "netIncome": -642000,
        "period": "2022A",
        "fPeriodEndDate": 44742,
        "curCode": "AUD"
      },
      {
        "revenue": 5711000,
        "netIncome": -800000,
        "period": "2021A",
        "fPeriodEndDate": 44377,
        "curCode": "AUD"
      },
      {
        "revenue": 4926000,
        "netIncome": -1163000,
        "period": "2020A",
        "fPeriodEndDate": 44012,
        "curCode": "AUD"
      },
      {
        "revenue": 3545000,
        "netIncome": -5209000,
        "period": "2019A",
        "fPeriodEndDate": 43646,
        "curCode": "AUD"
      }
    ]
  },
  {
    "symbol": "ASX",
    "displayName": "ASX LIMITED",
    "industry": "Financial Services",
    "dateListed": "1998-10-14",
    "marketCap": 12996043225,
    "xid": "49480",
    "priceChangeFiveDayPercent": 0.5740181268882106,
    "isRecentListing": false,
    "priceAsk": 66.66,
    "priceBid": 66.53,
    "priceChange": -0.5499999999999972,
    "priceChangePercent": -0.8193058245195847,
    "priceLast": 66.58,
    "sector": "Financials",
    "industryGroup": "Financial Services",
    "securityType": 1,
    "volume": 236388,
    "statusCode": "XD",
    "isin": "AU000000ASX7",
    "priceClose": 67.13,
    "priceDayHigh": 66.97,
    "priceDayLow": 66.21000000000001,
    "priceFiftyTwoWeekHigh": 90.61,
    "priceFiftyTwoWeekLow": 64.69,
    "volumeAverage": 452314.597826,
    "dateExDate": "2023-03-09",
    "datePayDate": "2023-03-29",
    "dateRecordDate": "2023-03-10",
    "dividend": 1.162,
    "dividendType": "I",
    "frankingPercent": 100,
    "cashFlow": 641.2,
    "earningsPerShare": 1.71478,
    "freeCashFlowYield": 0.02900113423435991,
    "priceEarningsRatio": 39.14788,
    "priceToCash": 34.48141,
    "foreignExempt": false,
    "shareDescription": "Ordinary Fully Paid",
    "numOfShares": 193595162,
    "yieldAnnual": 3.547611895464103,
    "incomeStatement": [
      {
        "revenue": 1096700000,
        "netIncome": 508500000,
        "period": "2022A",
        "fPeriodEndDate": 44742,
        "curCode": "AUD"
      },
      {
        "revenue": 1023000000,
        "netIncome": 480900000,
        "period": "2021A",
        "fPeriodEndDate": 44377,
        "curCode": "AUD"
      },
      {
        "revenue": 1100300000,
        "netIncome": 498600000,
        "period": "2020A",
        "fPeriodEndDate": 44012,
        "curCode": "AUD"
      },
      {
        "revenue": 1094500000,
        "netIncome": 492000000,
        "period": "2019A",
        "fPeriodEndDate": 43646,
        "curCode": "AUD"
      }
    ]
  },
  {
    "symbol": "AVC",
    "displayName": "AUCTUS INVESTMENT GROUP LIMITED",
    "industry": "Financial Services",
    "dateListed": "2011-08-10",
    "marketCap": 71231587,
    "xid": "35760375",
    "priceChangeFiveDayPercent": 2.2727272727272747,
    "isRecentListing": false,
    "priceAsk": 0.9,
    "priceBid": 0.8,
    "priceChange": -0.030000000000000027,
    "priceChangePercent": -3.225806451612906,
    "priceLast": 0.9,
    "sector": "Financials",
    "industryGroup": "Financial Services",
    "securityType": 1,
    "volume": 44,
    "statusCode": "",
    "isin": "AU0000005274",
    "priceClose": 0.93,
    "priceDayHigh": 0.9,
    "priceDayLow": 0.9,
    "priceFiftyTwoWeekHigh": 1.185,
    "priceFiftyTwoWeekLow": 0.775,
    "volumeAverage": 38921.596491,
    "cashFlow": 3.07456,
    "earningsPerShare": 0.00771,
    "freeCashFlowYield": 0.01343294488838835,
    "priceEarningsRatio": 120.6226,
    "priceToCash": 74.44384,
    "foreignExempt": false,
    "shareDescription": "Ordinary Fully Paid",
    "numOfShares": 76593104,
    "yieldAnnual": 0,
    "incomeStatement": [
      {
        "revenue": 11531000,
        "netIncome": -2091000,
        "period": "2022A",
        "fPeriodEndDate": 44742,
        "curCode": "AUD"
      },
      {
        "revenue": 8535620,
        "netIncome": 1785590,
        "period": "2021A",
        "fPeriodEndDate": 44377,
        "curCode": "AUD"
      },
      {
        "revenue": 3023490,
        "netIncome": -2963800,
        "period": "2020A",
        "fPeriodEndDate": 44012,
        "curCode": "AUD"
      },
      {
        "revenue": 410590,
        "netIncome": 972360,
        "period": "2019A",
        "fPeriodEndDate": 43646,
        "curCode": "AUD"
      }
    ]
  },
  {
    "symbol": "ABE",
    "displayName": "AUSTRALIAN BOND EXCHANGE HOLDINGS LIMITED",
    "industry": "Financial Services",
    "dateListed": "2021-12-06",
    "marketCap": 31011811,
    "xid": "689403449",
    "priceChangeFiveDayPercent": -12.195121951219505,
    "isRecentListing": false,
    "priceAsk": 0.27,
    "priceBid": 0.25,
    "priceChange": 0,
    "priceChangePercent": 0,
    "priceLast": 0.27,
    "sector": "Financials",
    "industryGroup": "Financial Services",
    "securityType": 1,
    "volume": 1908,
    "statusCode": "",
    "isin": "AU0000187577",
    "priceClose": 0.27,
    "priceDayHigh": 0.27,
    "priceDayLow": 0.27,
    "priceFiftyTwoWeekHigh": 0.46,
    "priceFiftyTwoWeekLow": 0.2,
    "volumeAverage": 22980.584615,
    "cashFlow": -5.53519,
    "earningsPerShare": -0.03406,
    "freeCashFlowYield": -0.0000100000010000001,
    "priceEarningsRatio": -99999.99,
    "priceToCash": -99999.99,
    "foreignExempt": false,
    "shareDescription": "Ordinary Fully Paid",
    "numOfShares": 114858561,
    "yieldAnnual": 0,
    "incomeStatement": [
      {
        "revenue": 2029720,
        "netIncome": -3642760,
        "period": "2022A",
        "fPeriodEndDate": 44742,
        "curCode": "AUD"
      },
      {
        "revenue": 4031340,
        "netIncome": -345580,
        "period": "2021A",
        "fPeriodEndDate": 44377,
        "curCode": "AUD"
      },
      {
        "revenue": 2137200,
        "netIncome": -864140,
        "period": "2020A",
        "fPeriodEndDate": 44012,
        "curCode": "AUD"
      },
      {
        "revenue": 1291680,
        "netIncome": -3590170,
        "period": "2019A",
        "fPeriodEndDate": 43646,
        "curCode": "AUD"
      }
    ]
  },
  {
    "symbol": "AEF",
    "displayName": "AUSTRALIAN ETHICAL INVESTMENT LIMITED",
    "industry": "Financial Services",
    "dateListed": "2002-12-17",
    "marketCap": 348496541,
    "xid": "508120065",
    "priceChangeFiveDayPercent": -15.789473684210527,
    "isRecentListing": false,
    "priceAsk": 2.92,
    "priceBid": 2.85,
    "priceChange": -0.20999999999999996,
    "priceChangePercent": -6.796116504854368,
    "priceLast": 2.88,
    "sector": "Financials",
    "industryGroup": "Financial Services",
    "securityType": 1,
    "volume": 314085,
    "statusCode": "",
    "isin": "AU000000AEF4",
    "priceClose": 3.09,
    "priceDayHigh": 3.1,
    "priceDayLow": 2.85,
    "priceFiftyTwoWeekHigh": 7.59,
    "priceFiftyTwoWeekLow": 2.85,
    "volumeAverage": 134021.445652,
    "dateExDate": "2023-03-01",
    "datePayDate": "2023-03-16",
    "dateRecordDate": "2023-03-02",
    "dividend": 0.02,
    "dividendType": "I",
    "frankingPercent": 100,
    "cashFlow": 5.664,
    "earningsPerShare": 0.04455,
    "freeCashFlowYield": 0.018823717206025773,
    "priceEarningsRatio": 69.36027,
    "priceToCash": 53.12447,
    "foreignExempt": false,
    "shareDescription": "Ordinary Fully Paid",
    "numOfShares": 112782052,
    "yieldAnnual": 1.7361111111111112,
    "incomeStatement": [
      {
        "revenue": 70784000,
        "netIncome": 9511000,
        "period": "2022A",
        "fPeriodEndDate": 44742,
        "curCode": "AUD"
      },
      {
        "revenue": 58711000,
        "netIncome": 11118000,
        "period": "2021A",
        "fPeriodEndDate": 44377,
        "curCode": "AUD"
      },
      {
        "revenue": 49902000,
        "netIncome": 9457000,
        "period": "2020A",
        "fPeriodEndDate": 44012,
        "curCode": "AUD"
      },
      {
        "revenue": 40977000,
        "netIncome": 6614000,
        "period": "2019A",
        "fPeriodEndDate": 43646,
        "curCode": "AUD"
      }
    ]
  },
  {
    "symbol": "AFG",
    "displayName": "AUSTRALIAN FINANCE GROUP LTD",
    "industry": "Financial Services",
    "dateListed": "2015-05-22",
    "marketCap": 381064220,
    "xid": "88582259",
    "priceChangeFiveDayPercent": -9.27152317880794,
    "isRecentListing": false,
    "priceAsk": 1.42,
    "priceBid": 1.365,
    "priceChange": -0.039999999999999813,
    "priceChangePercent": -2.8368794326241003,
    "priceLast": 1.37,
    "sector": "Financials",
    "industryGroup": "Financial Services",
    "securityType": 1,
    "volume": 756111,
    "statusCode": "XD",
    "isin": "AU000000AFG9",
    "priceClose": 1.41,
    "priceDayHigh": 1.405,
    "priceDayLow": 1.355,
    "priceFiftyTwoWeekHigh": 2.16,
    "priceFiftyTwoWeekLow": 1.355,
    "volumeAverage": 456279.021739,
    "dateExDate": "2023-03-06",
    "datePayDate": "2023-03-23",
    "dateRecordDate": "2023-03-07",
    "dividend": 0.066,
    "dividendType": "I",
    "frankingPercent": 100,
    "cashFlow": 0.477,
    "earningsPerShare": 0.14217,
    "freeCashFlowYield": 0.11502000197834403,
    "priceEarningsRatio": 9.9177,
    "priceToCash": 8.69414,
    "foreignExempt": false,
    "shareDescription": "Ordinary Fully Paid",
    "numOfShares": 270258312,
    "yieldAnnual": 11.824817518248175,
    "incomeStatement": [
      {
        "revenue": 871258000,
        "netIncome": 38777000,
        "period": "2022A",
        "fPeriodEndDate": 44742,
        "curCode": "AUD"
      },
      {
        "revenue": 700523000,
        "netIncome": 51304000,
        "period": "2021A",
        "fPeriodEndDate": 44377,
        "curCode": "AUD"
      },
      {
        "revenue": 621692000,
        "netIncome": 38078000,
        "period": "2020A",
        "fPeriodEndDate": 44012,
        "curCode": "AUD"
      },
      {
        "revenue": 589326000,
        "netIncome": 33029000,
        "period": "2019A",
        "fPeriodEndDate": 43646,
        "curCode": "AUD"
      }
    ]
  },
  {
    "symbol": "BTI",
    "displayName": "BAILADOR TECHNOLOGY INVESTMENTS LIMITED",
    "industry": "Financial Services",
    "dateListed": "2014-11-21",
    "marketCap": 175291720,
    "xid": "80536682",
    "priceChangeFiveDayPercent": -0.4184100418410138,
    "isRecentListing": false,
    "priceAsk": 1.19,
    "priceBid": 1.18,
    "priceChange": -0.020000000000000018,
    "priceChangePercent": -1.6528925619834727,
    "priceLast": 1.19,
    "sector": "Financials",
    "industryGroup": "Financial Services",
    "securityType": 1,
    "volume": 24718,
    "statusCode": "",
    "isin": "AU000000BTI4",
    "priceClose": 1.21,
    "priceDayHigh": 1.21,
    "priceDayLow": 1.19,
    "priceFiftyTwoWeekHigh": 1.6,
    "priceFiftyTwoWeekLow": 1.165,
    "volumeAverage": 76294.978261,
    "dateExDate": "2023-02-13",
    "datePayDate": "2023-03-02",
    "dateRecordDate": "2023-02-14",
    "dividend": 0.035,
    "dividendType": "I",
    "frankingPercent": 100,
    "cashFlow": -22.061,
    "earningsPerShare": -0.04849,
    "freeCashFlowYield": -0.0000100000010000001,
    "priceEarningsRatio": -99999.99,
    "priceToCash": -99999.99,
    "foreignExempt": false,
    "shareDescription": "Ordinary Fully Paid",
    "numOfShares": 144869190,
    "yieldAnnual": 9.159663865546218,
    "incomeStatement": [
      {
        "revenue": 70864000,
        "netIncome": 33969000,
        "period": "2022A",
        "fPeriodEndDate": 44742,
        "curCode": "AUD"
      },
      {
        "revenue": 52132000,
        "netIncome": 27580000,
        "period": "2021A",
        "fPeriodEndDate": 44377,
        "curCode": "AUD"
      },
      {
        "revenue": -1625000,
        "netIncome": -4118000,
        "period": "2020A",
        "fPeriodEndDate": 44012,
        "curCode": "AUD"
      },
      {
        "revenue": 32082000,
        "netIncome": 17053000,
        "period": "2019A",
        "fPeriodEndDate": 43646,
        "curCode": "AUD"
      }
    ]
  },
  {
    "symbol": "B4P",
    "displayName": "BEFOREPAY GROUP LIMITED",
    "industry": "Financial Services",
    "dateListed": "2022-01-17",
    "marketCap": 16965157,
    "xid": "692161884",
    "priceChangeFiveDayPercent": 32.75862068965519,
    "isRecentListing": false,
    "priceAsk": 0.425,
    "priceBid": 0.42,
    "priceChange": 0.020000000000000018,
    "priceChangePercent": 5.479452054794526,
    "priceLast": 0.385,
    "sector": "Financials",
    "industryGroup": "Financial Services",
    "securityType": 1,
    "volume": 49,
    "statusCode": "",
    "isin": "AU0000190803",
    "priceClose": 0.365,
    "priceDayHigh": 0.385,
    "priceDayLow": 0.385,
    "priceFiftyTwoWeekHigh": 0.91,
    "priceFiftyTwoWeekLow": 0.215,
    "volumeAverage": 60054.627907,
    "cashFlow": -36.03031,
    "earningsPerShare": -0.46413,
    "freeCashFlowYield": -0.0000100000010000001,
    "priceEarningsRatio": -99999.99,
    "priceToCash": -99999.99,
    "foreignExempt": false,
    "shareDescription": "Ordinary Fully Paid",
    "numOfShares": 46479882,
    "yieldAnnual": 0,
    "incomeStatement": [
      {
        "revenue": 15855350,
        "netIncome": -29139950,
        "period": "2022A",
        "fPeriodEndDate": 44742,
        "curCode": "AUD"
      },
      {
        "revenue": 4582200,
        "netIncome": -18767170,
        "period": "2021A",
        "fPeriodEndDate": 44377,
        "curCode": "AUD"
      },
      {
        "revenue": 443460,
        "netIncome": -649990,
        "period": "2020A",
        "fPeriodEndDate": 44012,
        "curCode": "AUD"
      }
    ]
  },
  {
    "symbol": "BFG",
    "displayName": "BELL FINANCIAL GROUP LIMITED",
    "industry": "Financial Services",
    "dateListed": "2007-12-12",
    "marketCap": 322347668,
    "xid": "9258834",
    "priceChangeFiveDayPercent": -4.411764705882356,
    "isRecentListing": false,
    "priceAsk": 0.98,
    "priceBid": 0.965,
    "priceChange": -0.030000000000000138,
    "priceChangePercent": -2.985074626865685,
    "priceLast": 0.975,
    "sector": "Financials",
    "industryGroup": "Financial Services",
    "securityType": 1,
    "volume": 186924,
    "statusCode": "",
    "isin": "AU000000BFG7",
    "priceClose": 1.0050000000000001,
    "priceDayHigh": 1.0050000000000001,
    "priceDayLow": 0.965,
    "priceFiftyTwoWeekHigh": 1.355,
    "priceFiftyTwoWeekLow": 0.81,
    "volumeAverage": 106077.315217,
    "dateExDate": "2023-03-01",
    "datePayDate": "2023-03-15",
    "dateRecordDate": "2023-03-02",
    "dividend": 0.045,
    "dividendType": "F",
    "frankingPercent": 100,
    "cashFlow": -22.247,
    "earningsPerShare": 0.08251,
    "freeCashFlowYield": 0.11274783383224252,
    "priceEarningsRatio": 12.18034,
    "priceToCash": 8.86935,
    "foreignExempt": false,
    "shareDescription": "Ordinary Fully Paid",
    "numOfShares": 320743948,
    "yieldAnnual": 7.179487179487179,
    "incomeStatement": [
      {
        "revenue": 237515000,
        "netIncome": 25687000,
        "period": "2022A",
        "fPeriodEndDate": 44926,
        "curCode": "AUD"
      },
      {
        "revenue": 292146000,
        "netIncome": 44118000,
        "period": "2021A",
        "fPeriodEndDate": 44561,
        "curCode": "AUD"
      },
      {
        "revenue": 299326000,
        "netIncome": 46695000,
        "period": "2020A",
        "fPeriodEndDate": 44196,
        "curCode": "AUD"
      },
      {
        "revenue": 254470000,
        "netIncome": 32443000,
        "period": "2019A",
        "fPeriodEndDate": 43830,
        "curCode": "AUD"
      }
    ]
  },
  {
    "symbol": "BIR",
    "displayName": "BIR FINANCIAL LIMITED",
    "industry": "Financial Services",
    "dateListed": "2006-07-31",
    "marketCap": 14889617,
    "xid": "4905124",
    "priceChangeFiveDayPercent": -15.384615384615387,
    "isRecentListing": false,
    "priceAsk": 0.048,
    "priceBid": 0.042,
    "priceChange": -0.009000000000000001,
    "priceChangePercent": -16.981132075471702,
    "priceLast": 0.044,
    "sector": "Financials",
    "industryGroup": "Financial Services",
    "securityType": 1,
    "volume": 100000,
    "statusCode": "",
    "isin": "AU000000BIR8",
    "priceClose": 0.053,
    "priceDayHigh": 0.048,
    "priceDayLow": 0.044,
    "priceFiftyTwoWeekHigh": 0.059,
    "priceFiftyTwoWeekLow": 0.016,
    "volumeAverage": 521564.988095,
    "cashFlow": -0.78929,
    "earningsPerShare": -0.00851,
    "freeCashFlowYield": -0.0000100000010000001,
    "priceEarningsRatio": -99999.99,
    "priceToCash": -99999.99,
    "foreignExempt": false,
    "shareDescription": "Ordinary Fully Paid",
    "numOfShares": 280936167,
    "yieldAnnual": 0,
    "incomeStatement": [
      {
        "revenue": 2942070,
        "netIncome": -3110760,
        "period": "2022A",
        "fPeriodEndDate": 44742,
        "curCode": "AUD"
      },
      {
        "revenue": 2319360,
        "netIncome": -1199470,
        "period": "2021A",
        "fPeriodEndDate": 44377,
        "curCode": "AUD"
      },
      {
        "revenue": 1308260,
        "netIncome": -5715630,
        "period": "2020A",
        "fPeriodEndDate": 44012,
        "curCode": "AUD"
      },
      {
        "revenue": 851190,
        "netIncome": -2326250,
        "period": "2019A",
        "fPeriodEndDate": 43646,
        "curCode": "AUD"
      }
    ]
  },
  {
    "symbol": "BWF",
    "displayName": "BLACKWALL LIMITED",
    "industry": "Financial Services",
    "dateListed": "2011-10-21",
    "marketCap": 38118541,
    "xid": "35839599",
    "priceChangeFiveDayPercent": -1.739130434782591,
    "isRecentListing": false,
    "priceAsk": 0.62,
    "priceBid": 0.58,
    "priceChange": 0,
    "priceChangePercent": 0,
    "priceLast": 0.5650000000000001,
    "sector": "Financials",
    "industryGroup": "Financial Services",
    "securityType": 1,
    "volume": 0,
    "statusCode": "XD",
    "isin": "AU000000BWF4",
    "priceClose": 0.5650000000000001,
    "priceFiftyTwoWeekHigh": 0.91,
    "priceFiftyTwoWeekLow": 0.525,
    "volumeAverage": 19307.797101,
    "dateExDate": "2023-02-28",
    "datePayDate": "2023-03-21",
    "dateRecordDate": "2023-03-01",
    "dividend": 0.025,
    "dividendType": "I",
    "frankingPercent": 100,
    "cashFlow": -1.734,
    "earningsPerShare": 0.0334,
    "freeCashFlowYield": 0.06393216030605604,
    "priceEarningsRatio": 16.91617,
    "priceToCash": 15.64158,
    "foreignExempt": false,
    "shareDescription": "Ordinary Fully Paid",
    "numOfShares": 67466445,
    "yieldAnnual": 8.672566371681416,
    "incomeStatement": [
      {
        "revenue": 5790000,
        "netIncome": 1646000,
        "period": "2022A",
        "fPeriodEndDate": 44742,
        "curCode": "AUD"
      },
      {
        "revenue": 7302000,
        "netIncome": 3029000,
        "period": "2021A",
        "fPeriodEndDate": 44377,
        "curCode": "AUD"
      },
      {
        "revenue": 10383000,
        "netIncome": 4536000,
        "period": "2020A",
        "fPeriodEndDate": 44012,
        "curCode": "AUD"
      },
      {
        "revenue": 10150000,
        "netIncome": 3189000,
        "period": "2019A",
        "fPeriodEndDate": 43646,
        "curCode": "AUD"
      }
    ]
  },
  {
    "symbol": "SQ2",
    "displayName": "BLOCK INC.",
    "industry": "Financial Services",
    "dateListed": "2022-01-20",
    "marketCap": 64189476204,
    "xid": "689292417",
    "priceChangeFiveDayPercent": -0.1565089302154315,
    "isRecentListing": false,
    "priceAsk": 111.04,
    "priceBid": 108.2,
    "priceChange": -3.799999999999997,
    "priceChangePercent": -3.3853006681514453,
    "priceLast": 108.45,
    "sector": "Financials",
    "industryGroup": "Financial Services",
    "securityType": 1,
    "volume": 226512,
    "statusCode": "",
    "isin": "AU0000187353",
    "priceClose": 112.25,
    "priceDayHigh": 111.42,
    "priceDayLow": 108.2,
    "priceFiftyTwoWeekHigh": 196,
    "priceFiftyTwoWeekLow": 80.37,
    "volumeAverage": 192207.782609,
    "cashFlow": 5.088,
    "earningsPerShare": -0.94976,
    "freeCashFlowYield": -0.0000100000010000001,
    "priceEarningsRatio": -99999.99,
    "priceToCash": -99999.99,
    "foreignExempt": true,
    "shareDescription": "Cdi 1:1 Foreign Exempt Nyse",
    "numOfShares": 571843886,
    "yieldAnnual": 0,
    "incomeStatement": [
      {
        "revenue": 17531587000,
        "netIncome": -540747000,
        "period": "2022A",
        "fPeriodEndDate": 44926,
        "curCode": "USD"
      },
      {
        "revenue": 17661203000,
        "netIncome": 166284000,
        "period": "2021A",
        "fPeriodEndDate": 44561,
        "curCode": "USD"
      },
      {
        "revenue": 9497578000,
        "netIncome": 213105000,
        "period": "2020A",
        "fPeriodEndDate": 44196,
        "curCode": "USD"
      },
      {
        "revenue": 4713500000,
        "netIncome": 375446000,
        "period": "2019A",
        "fPeriodEndDate": 43830,
        "curCode": "USD"
      }
    ]
  },
  {
    "symbol": "BTN",
    "displayName": "BUTN LIMITED",
    "industry": "Financial Services",
    "dateListed": "2021-07-06",
    "marketCap": 29605550,
    "xid": "662883088",
    "priceChangeFiveDayPercent": 9.090909090909083,
    "isRecentListing": false,
    "priceAsk": 0.195,
    "priceBid": 0.18,
    "priceChange": -0.0050000000000000044,
    "priceChangePercent": -2.7027027027027053,
    "priceLast": 0.18,
    "sector": "Financials",
    "industryGroup": "Financial Services",
    "securityType": 1,
    "volume": 11146,
    "statusCode": "",
    "isin": "AU0000156317",
    "priceClose": 0.185,
    "priceDayHigh": 0.19,
    "priceDayLow": 0.18,
    "priceFiftyTwoWeekHigh": 0.3,
    "priceFiftyTwoWeekLow": 0.1,
    "volumeAverage": 36608.919355,
    "cashFlow": -2.22251,
    "earningsPerShare": -0.05044,
    "freeCashFlowYield": -0.0000100000010000001,
    "priceEarningsRatio": -99999.99,
    "priceToCash": -99999.99,
    "foreignExempt": false,
    "shareDescription": "Ordinary Fully Paid",
    "numOfShares": 160030000,
    "yieldAnnual": 0,
    "incomeStatement": [
      {
        "revenue": 5599090,
        "netIncome": -8663640,
        "period": "2022A",
        "fPeriodEndDate": 44742,
        "curCode": "AUD"
      },
      {
        "revenue": 4782340,
        "netIncome": -5257860,
        "period": "2021A",
        "fPeriodEndDate": 44377,
        "curCode": "AUD"
      },
      {
        "revenue": 4737110,
        "netIncome": -358650,
        "period": "2020A",
        "fPeriodEndDate": 44012,
        "curCode": "AUD"
      },
      {
        "revenue": 0,
        "netIncome": -250,
        "period": "2019A",
        "fPeriodEndDate": 43646,
        "curCode": "AUD"
      }
    ]
  },
  {
    "symbol": "CCV",
    "displayName": "CASH CONVERTERS INTERNATIONAL",
    "industry": "Financial Services",
    "dateListed": "1997-02-07",
    "marketCap": 150610804,
    "xid": "71867",
    "priceChangeFiveDayPercent": -2.0833333333333237,
    "isRecentListing": false,
    "priceAsk": 0.24,
    "priceBid": 0.23500000000000001,
    "priceChange": -0.004999999999999977,
    "priceChangePercent": -2.0833333333333237,
    "priceLast": 0.23500000000000001,
    "sector": "Financials",
    "industryGroup": "Financial Services",
    "securityType": 1,
    "volume": 124097,
    "statusCode": "CD",
    "isin": "AU000000CCV1",
    "priceClose": 0.24,
    "priceDayHigh": 0.245,
    "priceDayLow": 0.23500000000000001,
    "priceFiftyTwoWeekHigh": 0.26,
    "priceFiftyTwoWeekLow": 0.22,
    "volumeAverage": 298303.021978,
    "dateExDate": "2023-03-23",
    "datePayDate": "2023-04-14",
    "dateRecordDate": "2023-03-24",
    "dividend": 0.01,
    "dividendType": "I",
    "frankingPercent": 100,
    "cashFlow": -28.992,
    "earningsPerShare": -0.15135,
    "freeCashFlowYield": -0.0000100000010000001,
    "priceEarningsRatio": -99999.99,
    "priceToCash": -99999.99,
    "foreignExempt": false,
    "shareDescription": "Ordinary Fully Paid",
    "numOfShares": 627545015,
    "yieldAnnual": 8.51063829787234,
    "incomeStatement": [
      {
        "revenue": 245937000,
        "netIncome": 11177000,
        "period": "2022A",
        "fPeriodEndDate": 44742,
        "curCode": "AUD"
      },
      {
        "revenue": 201346000,
        "netIncome": 20704000,
        "period": "2021A",
        "fPeriodEndDate": 44377,
        "curCode": "AUD"
      },
      {
        "revenue": 262021000,
        "netIncome": -10491000,
        "period": "2020A",
        "fPeriodEndDate": 44012,
        "curCode": "AUD"
      },
      {
        "revenue": 281565000,
        "netIncome": -1692000,
        "period": "2019A",
        "fPeriodEndDate": 43646,
        "curCode": "AUD"
      }
    ]
  },
  {
    "symbol": "CAF",
    "displayName": "CENTREPOINT ALLIANCE LIMITED",
    "industry": "Financial Services",
    "dateListed": "2002-06-25",
    "marketCap": 47251653,
    "xid": "27731853",
    "priceChangeFiveDayPercent": -2.0833333333333237,
    "isRecentListing": false,
    "priceAsk": 0.23500000000000001,
    "priceBid": 0.23,
    "priceChange": -0.004999999999999977,
    "priceChangePercent": -2.0833333333333237,
    "priceLast": 0.23500000000000001,
    "sector": "Financials",
    "industryGroup": "Financial Services",
    "securityType": 1,
    "volume": 15893,
    "statusCode": "",
    "isin": "AU000000CAF8",
    "priceClose": 0.24,
    "priceDayHigh": 0.245,
    "priceDayLow": 0.23500000000000001,
    "priceFiftyTwoWeekHigh": 0.31,
    "priceFiftyTwoWeekLow": 0.205,
    "volumeAverage": 51359.969697,
    "dateExDate": "2023-03-02",
    "datePayDate": "2023-03-17",
    "dateRecordDate": "2023-03-03",
    "dividend": 0.01,
    "dividendType": "I",
    "frankingPercent": 100,
    "cashFlow": 2.569,
    "earningsPerShare": 0.04208,
    "freeCashFlowYield": 0.2355895746901408,
    "priceEarningsRatio": 5.70342,
    "priceToCash": 4.24467,
    "foreignExempt": false,
    "shareDescription": "Ordinary Fully Paid",
    "numOfShares": 196881889,
    "yieldAnnual": 8.51063829787234,
    "incomeStatement": [
      {
        "revenue": 228528000,
        "netIncome": 6492000,
        "period": "2022A",
        "fPeriodEndDate": 44742,
        "curCode": "AUD"
      },
      {
        "revenue": 139182000,
        "netIncome": 1847000,
        "period": "2021A",
        "fPeriodEndDate": 44377,
        "curCode": "AUD"
      },
      {
        "revenue": 130963000,
        "netIncome": -2000000,
        "period": "2020A",
        "fPeriodEndDate": 44012,
        "curCode": "AUD"
      },
      {
        "revenue": 117487000,
        "netIncome": -1576000,
        "period": "2019A",
        "fPeriodEndDate": 43646,
        "curCode": "AUD"
      }
    ]
  },
  {
    "symbol": "CGF",
    "displayName": "CHALLENGER LIMITED",
    "industry": "Financial Services",
    "dateListed": "2003-12-23",
    "marketCap": 4493342692,
    "xid": "73885",
    "priceChangeFiveDayPercent": -10.79136690647482,
    "isRecentListing": false,
    "priceAsk": 6.57,
    "priceBid": 6.19,
    "priceChange": -0.3700000000000001,
    "priceChangePercent": -5.631659056316592,
    "priceLast": 6.2,
    "sector": "Financials",
    "industryGroup": "Financial Services",
    "securityType": 1,
    "volume": 2640980,
    "statusCode": "XD",
    "isin": "AU000000CGF5",
    "priceClose": 6.57,
    "priceDayHigh": 6.5,
    "priceDayLow": 6.19,
    "priceFiftyTwoWeekHigh": 7.83,
    "priceFiftyTwoWeekLow": 5.8,
    "volumeAverage": 1298766.141304,
    "dateExDate": "2023-02-21",
    "datePayDate": "2023-03-21",
    "dateRecordDate": "2023-02-22",
    "dividend": 0.12,
    "dividendType": "I",
    "frankingPercent": 100,
    "cashFlow": 2031.2,
    "earningsPerShare": 0.13648,
    "freeCashFlowYield": 0.02530410473065299,
    "priceEarningsRatio": 48.13892,
    "priceToCash": 39.51928,
    "foreignExempt": false,
    "shareDescription": "Ordinary Fully Paid",
    "numOfShares": 683918218,
    "yieldAnnual": 3.7903225806451615,
    "incomeStatement": [
      {
        "revenue": 1807400000,
        "netIncome": 253700000,
        "period": "2022A",
        "fPeriodEndDate": 44742,
        "curCode": "AUD"
      },
      {
        "revenue": 2769800000,
        "netIncome": 592300000,
        "period": "2021A",
        "fPeriodEndDate": 44377,
        "curCode": "AUD"
      },
      {
        "revenue": 1132800000,
        "netIncome": -416000000,
        "period": "2020A",
        "fPeriodEndDate": 44012,
        "curCode": "AUD"
      },
      {
        "revenue": 2372600000,
        "netIncome": 307800000,
        "period": "2019A",
        "fPeriodEndDate": 43646,
        "curCode": "AUD"
      }
    ]
  },
  {
    "symbol": "CCA",
    "displayName": "CHANGE FINANCIAL LIMITED",
    "industry": "Financial Services",
    "dateListed": "2016-06-30",
    "marketCap": 33893715,
    "xid": "352903709",
    "priceChangeFiveDayPercent": -18.032786885245898,
    "isRecentListing": false,
    "priceAsk": 0.055,
    "priceBid": 0.05,
    "priceChange": -0.003999999999999997,
    "priceChangePercent": -7.407407407407402,
    "priceLast": 0.05,
    "sector": "Financials",
    "industryGroup": "Financial Services",
    "securityType": 1,
    "volume": 702539,
    "statusCode": "",
    "isin": "AU000000CCA5",
    "priceClose": 0.054,
    "priceDayHigh": 0.054,
    "priceDayLow": 0.05,
    "priceFiftyTwoWeekHigh": 0.09724,
    "priceFiftyTwoWeekLow": 0.041,
    "volumeAverage": 336225.826667,
    "cashFlow": -4.05033,
    "earningsPerShare": -0.01186,
    "freeCashFlowYield": -0.0000100000010000001,
    "priceEarningsRatio": -99999.99,
    "priceToCash": -99999.99,
    "foreignExempt": false,
    "shareDescription": "Ordinary Fully Paid",
    "numOfShares": 627661385,
    "yieldAnnual": 0,
    "incomeStatement": [
      {
        "revenue": 8156420,
        "netIncome": -3768490,
        "period": "2022A",
        "fPeriodEndDate": 44742,
        "curCode": "USD"
      },
      {
        "revenue": 6141630,
        "netIncome": -3477380,
        "period": "2021A",
        "fPeriodEndDate": 44377,
        "curCode": "USD"
      },
      {
        "revenue": 25250,
        "netIncome": -3512640,
        "period": "2020A",
        "fPeriodEndDate": 44012,
        "curCode": "USD"
      },
      {
        "revenue": 454060,
        "netIncome": -4764890,
        "period": "2019A",
        "fPeriodEndDate": 43646,
        "curCode": "USD"
      }
    ]
  },
  {
    "symbol": "CVW",
    "displayName": "CLEARVIEW WEALTH LIMITED",
    "industry": "Financial Services",
    "dateListed": "2003-12-11",
    "marketCap": 343740097,
    "xid": "202616",
    "priceChangeFiveDayPercent": 1.9230769230769247,
    "isRecentListing": false,
    "priceAsk": 0.54,
    "priceChange": 0.010000000000000009,
    "priceChangePercent": 1.9230769230769247,
    "priceLast": 0.53,
    "sector": "Financials",
    "industryGroup": "Financial Services",
    "securityType": 1,
    "volume": 64788,
    "statusCode": "",
    "isin": "AU000000CVW9",
    "priceClose": 0.52,
    "priceDayHigh": 0.53,
    "priceDayLow": 0.47500000000000003,
    "priceFiftyTwoWeekHigh": 0.84,
    "priceFiftyTwoWeekLow": 0.45,
    "volumeAverage": 104210.743243,
    "dateExDate": "2022-09-07",
    "datePayDate": "2022-09-23",
    "dateRecordDate": "2022-09-08",
    "dividend": 0.02,
    "dividendType": "F",
    "frankingPercent": 100,
    "cashFlow": 233.913,
    "earningsPerShare": 0.01854,
    "freeCashFlowYield": 0.04604350466581855,
    "priceEarningsRatio": 28.04746,
    "priceToCash": 21.71859,
    "foreignExempt": false,
    "shareDescription": "Ordinary Fully Paid",
    "numOfShares": 661038648,
    "yieldAnnual": 3.7735849056603774,
    "incomeStatement": [
      {
        "revenue": 328044000,
        "netIncome": 21175000,
        "period": "2022A",
        "fPeriodEndDate": 44742,
        "curCode": "AUD"
      },
      {
        "revenue": 288749000,
        "netIncome": 6679000,
        "period": "2021A",
        "fPeriodEndDate": 44377,
        "curCode": "AUD"
      },
      {
        "revenue": 410339000,
        "netIncome": 13081000,
        "period": "2020A",
        "fPeriodEndDate": 44012,
        "curCode": "AUD"
      },
      {
        "revenue": 385755000,
        "netIncome": 3959000,
        "period": "2019A",
        "fPeriodEndDate": 43646,
        "curCode": "AUD"
      }
    ]
  },
  {
    "symbol": "CIW",
    "displayName": "CLIME INVESTMENT MANAGEMENT LTD",
    "industry": "Financial Services",
    "dateListed": "2000-12-15",
    "marketCap": 32607119,
    "xid": "181975",
    "priceChangeFiveDayPercent": 0,
    "isRecentListing": false,
    "priceAsk": 0.5,
    "priceBid": 0.45,
    "priceChange": 0,
    "priceChangePercent": 0,
    "priceLast": 0.45,
    "sector": "Financials",
    "industryGroup": "Financial Services",
    "securityType": 1,
    "volume": 0,
    "statusCode": "",
    "isin": "AU000000CIW6",
    "priceClose": 0.45,
    "priceFiftyTwoWeekHigh": 0.6,
    "priceFiftyTwoWeekLow": 0.43,
    "volumeAverage": 23972.888889,
    "dateExDate": "2022-09-28",
    "datePayDate": "2022-10-27",
    "dateRecordDate": "2022-09-29",
    "dividend": 0.004,
    "dividendType": "F",
    "frankingPercent": 100,
    "cashFlow": -0.2139,
    "earningsPerShare": -0.00161,
    "freeCashFlowYield": 0.02755379603137165,
    "priceEarningsRatio": -99999.99,
    "priceToCash": 36.29264,
    "foreignExempt": false,
    "shareDescription": "Ordinary Fully Paid",
    "numOfShares": 72460265,
    "yieldAnnual": 3.111111111111111,
    "incomeStatement": [
      {
        "revenue": 13682880,
        "netIncome": 98490,
        "period": "2022A",
        "fPeriodEndDate": 44742,
        "curCode": "AUD"
      },
      {
        "revenue": 15749530,
        "netIncome": 2277580,
        "period": "2021A",
        "fPeriodEndDate": 44377,
        "curCode": "AUD"
      },
      {
        "revenue": 11952220,
        "netIncome": 397430,
        "period": "2020A",
        "fPeriodEndDate": 44012,
        "curCode": "AUD"
      },
      {
        "revenue": 12447640,
        "netIncome": 1461440,
        "period": "2019A",
        "fPeriodEndDate": 43646,
        "curCode": "AUD"
      }
    ]
  },
  {
    "symbol": "COG",
    "displayName": "COG FINANCIAL SERVICES LIMITED",
    "industry": "Financial Services",
    "dateListed": "2003-01-28",
    "marketCap": 253872387,
    "xid": "669465840",
    "priceChangeFiveDayPercent": -4.424778761061947,
    "isRecentListing": false,
    "priceAsk": 1.42,
    "priceBid": 1.35,
    "priceChange": 0.010000000000000009,
    "priceChangePercent": 0.7462686567164185,
    "priceLast": 1.35,
    "sector": "Financials",
    "industryGroup": "Financial Services",
    "securityType": 1,
    "volume": 10465,
    "statusCode": "XD",
    "isin": "AU000000COG7",
    "priceClose": 1.34,
    "priceDayHigh": 1.35,
    "priceDayLow": 1.32,
    "priceFiftyTwoWeekHigh": 1.995,
    "priceFiftyTwoWeekLow": 1.205,
    "volumeAverage": 31877.181818,
    "dateExDate": "2023-03-15",
    "datePayDate": "2023-04-18",
    "dateRecordDate": "2023-03-16",
    "dividend": 0.037,
    "dividendType": "I",
    "frankingPercent": 100,
    "cashFlow": 165.379,
    "earningsPerShare": 0.106,
    "freeCashFlowYield": 0.1654924973976305,
    "priceEarningsRatio": 12.64151,
    "priceToCash": 6.04257,
    "foreignExempt": false,
    "shareDescription": "Ordinary Fully Paid",
    "numOfShares": 189457005,
    "yieldAnnual": 6.296296296296296,
    "incomeStatement": []
  },
  {
    "symbol": "CCP",
    "displayName": "CREDIT CORP GROUP LIMITED",
    "industry": "Financial Services",
    "dateListed": "2000-09-04",
    "marketCap": 1160539895,
    "xid": "71701",
    "priceChangeFiveDayPercent": -9.61223375204805,
    "isRecentListing": false,
    "priceAsk": 16.68,
    "priceBid": 16.55,
    "priceChange": -0.5,
    "priceChangePercent": -2.932551319648094,
    "priceLast": 16.55,
    "sector": "Financials",
    "industryGroup": "Financial Services",
    "securityType": 1,
    "volume": 240887,
    "statusCode": "CD",
    "isin": "AU000000CCP3",
    "priceClose": 17.05,
    "priceDayHigh": 16.85,
    "priceDayLow": 16.51,
    "priceFiftyTwoWeekHigh": 32.25,
    "priceFiftyTwoWeekLow": 16.35,
    "volumeAverage": 174640.597826,
    "dateExDate": "2023-03-21",
    "datePayDate": "2023-03-31",
    "dateRecordDate": "2023-03-22",
    "dividend": 0.23,
    "dividendType": "I",
    "frankingPercent": 100,
    "cashFlow": -244.871,
    "earningsPerShare": 1.19678,
    "freeCashFlowYield": 0.08028504402028964,
    "priceEarningsRatio": 14.24656,
    "priceToCash": 12.45562,
    "foreignExempt": false,
    "shareDescription": "Ordinary Fully Paid",
    "numOfShares": 68066856,
    "yieldAnnual": 3.564954682779456,
    "incomeStatement": [
      {
        "revenue": 411200000,
        "netIncome": 100716000,
        "period": "2022A",
        "fPeriodEndDate": 44742,
        "curCode": "AUD"
      },
      {
        "revenue": 374786000,
        "netIncome": 88130000,
        "period": "2021A",
        "fPeriodEndDate": 44377,
        "curCode": "AUD"
      },
      {
        "revenue": 381979000,
        "netIncome": 15454000,
        "period": "2020A",
        "fPeriodEndDate": 44012,
        "curCode": "AUD"
      },
      {
        "revenue": 324254000,
        "netIncome": 70285000,
        "period": "2019A",
        "fPeriodEndDate": 43646,
        "curCode": "AUD"
      }
    ]
  },
  {
    "symbol": "CVC",
    "displayName": "CVC LIMITED",
    "industry": "Financial Services",
    "dateListed": "1985-06-27",
    "marketCap": 233648188,
    "xid": "83753",
    "priceChangeFiveDayPercent": 5.263157894736847,
    "isRecentListing": false,
    "priceAsk": 2,
    "priceBid": 1.9000000000000001,
    "priceChange": 0,
    "priceChangePercent": 0,
    "priceLast": 2,
    "sector": "Financials",
    "industryGroup": "Financial Services",
    "securityType": 1,
    "volume": 13011,
    "statusCode": "",
    "isin": "AU000000CVC1",
    "priceClose": 2,
    "priceDayHigh": 2,
    "priceDayLow": 1.9925000000000002,
    "priceFiftyTwoWeekHigh": 2.45,
    "priceFiftyTwoWeekLow": 1.88,
    "volumeAverage": 10497.727273,
    "dateExDate": "2023-01-31",
    "datePayDate": "2023-02-20",
    "dateRecordDate": "2023-02-01",
    "dividend": 0.04,
    "dividendType": "I",
    "frankingPercent": 100,
    "cashFlow": -7.48728,
    "earningsPerShare": -0.02934,
    "freeCashFlowYield": -0.0000100000010000001,
    "priceEarningsRatio": -99999.99,
    "priceToCash": -99999.99,
    "foreignExempt": false,
    "shareDescription": "Ordinary Fully Paid",
    "numOfShares": 116824094,
    "yieldAnnual": 4.5,
    "incomeStatement": [
      {
        "revenue": 70555600,
        "netIncome": 6105920,
        "period": "2022A",
        "fPeriodEndDate": 44742,
        "curCode": "AUD"
      },
      {
        "revenue": 58780920,
        "netIncome": 19489950,
        "period": "2021A",
        "fPeriodEndDate": 44377,
        "curCode": "AUD"
      },
      {
        "revenue": 19040620,
        "netIncome": -2074480,
        "period": "2020A",
        "fPeriodEndDate": 44012,
        "curCode": "AUD"
      },
      {
        "revenue": 59105670,
        "netIncome": -2060000,
        "period": "2019A",
        "fPeriodEndDate": 43646,
        "curCode": "AUD"
      }
    ]
  },
  {
    "symbol": "DVR",
    "displayName": "DIVERGER LIMITED",
    "industry": "Financial Services",
    "dateListed": "2005-08-02",
    "marketCap": 34283434,
    "xid": "2524739",
    "priceChangeFiveDayPercent": 4.0000000000000036,
    "isRecentListing": false,
    "priceAsk": 0.91,
    "priceBid": 0.86,
    "priceChange": 0,
    "priceChangePercent": 0,
    "priceLast": 0.91,
    "sector": "Financials",
    "industryGroup": "Financial Services",
    "securityType": 1,
    "volume": 0,
    "statusCode": "CD",
    "isin": "AU0000190209",
    "priceClose": 0.91,
    "priceFiftyTwoWeekHigh": 1.1,
    "priceFiftyTwoWeekLow": 0.81,
    "volumeAverage": 26444.623188,
    "dateExDate": "2023-04-06",
    "datePayDate": "2023-04-28",
    "dateRecordDate": "2023-04-11",
    "dividend": 0.02,
    "dividendType": "I",
    "frankingPercent": 100,
    "cashFlow": 0.945,
    "earningsPerShare": 0.0788,
    "freeCashFlowYield": 0.13866759851292867,
    "priceEarningsRatio": 11.54822,
    "priceToCash": 7.21149,
    "foreignExempt": false,
    "shareDescription": "Ordinary Fully Paid",
    "numOfShares": 37674103,
    "yieldAnnual": 6.043956043956044,
    "incomeStatement": [
      {
        "revenue": 125044000,
        "netIncome": 3563000,
        "period": "2022A",
        "fPeriodEndDate": 44742,
        "curCode": "AUD"
      },
      {
        "revenue": 91710000,
        "netIncome": 2504000,
        "period": "2021A",
        "fPeriodEndDate": 44377,
        "curCode": "AUD"
      },
      {
        "revenue": 69007000,
        "netIncome": 1480000,
        "period": "2020A",
        "fPeriodEndDate": 44012,
        "curCode": "AUD"
      },
      {
        "revenue": 59804000,
        "netIncome": 2730000,
        "period": "2019A",
        "fPeriodEndDate": 43646,
        "curCode": "AUD"
      }
    ]
  },
  {
    "symbol": "DCL",
    "displayName": "DOMACOM LIMITED",
    "industry": "Financial Services",
    "dateListed": "2016-11-07",
    "marketCap": 25694605,
    "xid": "369696344",
    "priceChangeFiveDayPercent": 18,
    "isRecentListing": false,
    "priceAsk": 0.059000000000000004,
    "priceBid": 0.056,
    "priceChange": 0,
    "priceChangePercent": 0,
    "priceLast": 0.059000000000000004,
    "sector": "Financials",
    "industryGroup": "Financial Services",
    "securityType": 1,
    "volume": 0,
    "statusCode": "",
    "isin": "AU000000DCL0",
    "priceClose": 0.059000000000000004,
    "priceFiftyTwoWeekHigh": 0.072,
    "priceFiftyTwoWeekLow": 0.05,
    "volumeAverage": 698452.625,
    "cashFlow": -2.50926,
    "earningsPerShare": -0.00538,
    "freeCashFlowYield": -0.0000100000010000001,
    "priceEarningsRatio": -99999.99,
    "priceToCash": -99999.99,
    "foreignExempt": false,
    "shareDescription": "Ordinary Fully Paid",
    "numOfShares": 435501773,
    "yieldAnnual": 0,
    "incomeStatement": [
      {
        "revenue": 1048050,
        "netIncome": -3422580,
        "period": "2022A",
        "fPeriodEndDate": 44742,
        "curCode": "AUD"
      },
      {
        "revenue": 440690,
        "netIncome": -5022560,
        "period": "2021A",
        "fPeriodEndDate": 44377,
        "curCode": "AUD"
      },
      {
        "revenue": 402120,
        "netIncome": -5778670,
        "period": "2020A",
        "fPeriodEndDate": 44012,
        "curCode": "AUD"
      },
      {
        "revenue": 283590,
        "netIncome": -5780760,
        "period": "2019A",
        "fPeriodEndDate": 43646,
        "curCode": "AUD"
      }
    ]
  },
  {
    "symbol": "EP1",
    "displayName": "E&P FINANCIAL GROUP LIMITED",
    "industry": "Financial Services",
    "dateListed": "2018-05-14",
    "marketCap": 91506835,
    "xid": "466738601",
    "priceChangeFiveDayPercent": -1.2658227848101276,
    "isRecentListing": false,
    "priceAsk": 0.41000000000000003,
    "priceBid": 0.38,
    "priceChange": 0.0050000000000000044,
    "priceChangePercent": 1.2987012987012998,
    "priceLast": 0.39,
    "sector": "Financials",
    "industryGroup": "Financial Services",
    "securityType": 1,
    "volume": 1023407,
    "statusCode": "",
    "isin": "AU0000117343",
    "priceClose": 0.385,
    "priceDayHigh": 0.39,
    "priceDayLow": 0.385,
    "priceFiftyTwoWeekHigh": 0.73,
    "priceFiftyTwoWeekLow": 0.37,
    "volumeAverage": 50008.566265,
    "dateExDate": "2022-09-30",
    "datePayDate": "2022-10-11",
    "dateRecordDate": "2022-10-03",
    "dividend": 0.027,
    "dividendType": "F",
    "frankingPercent": 100,
    "cashFlow": -17.71,
    "earningsPerShare": 0.02046,
    "freeCashFlowYield": 0.18237991194697853,
    "priceEarningsRatio": 18.8172,
    "priceToCash": 5.48306,
    "foreignExempt": false,
    "shareDescription": "Ordinary Fully Paid",
    "numOfShares": 237680090,
    "yieldAnnual": 28.205128205128204,
    "incomeStatement": [
      {
        "revenue": 201571000,
        "netIncome": 6316000,
        "period": "2022A",
        "fPeriodEndDate": 44742,
        "curCode": "AUD"
      },
      {
        "revenue": 190312000,
        "netIncome": -18835000,
        "period": "2021A",
        "fPeriodEndDate": 44377,
        "curCode": "AUD"
      },
      {
        "revenue": 205623000,
        "netIncome": -30493000,
        "period": "2020A",
        "fPeriodEndDate": 44012,
        "curCode": "AUD"
      },
      {
        "revenue": 237032000,
        "netIncome": 16778000,
        "period": "2019A",
        "fPeriodEndDate": 43646,
        "curCode": "AUD"
      }
    ]
  },
  {
    "symbol": "EPY",
    "displayName": "EARLYPAY LTD",
    "industry": "Financial Services",
    "dateListed": "2010-02-23",
    "marketCap": 53636808,
    "xid": "23114108",
    "priceChangeFiveDayPercent": -8.750000000000007,
    "isRecentListing": false,
    "priceAsk": 0.185,
    "priceBid": 0.18,
    "priceChange": -0.0025000000000000022,
    "priceChangePercent": -1.3513513513513526,
    "priceLast": 0.1825,
    "sector": "Financials",
    "industryGroup": "Financial Services",
    "securityType": 1,
    "volume": 55522,
    "statusCode": "",
    "isin": "AU0000119570",
    "priceClose": 0.185,
    "priceDayHigh": 0.185,
    "priceDayLow": 0.18,
    "priceFiftyTwoWeekHigh": 0.57,
    "priceFiftyTwoWeekLow": 0.16,
    "volumeAverage": 474611.741176,
    "dateExDate": "2022-09-15",
    "datePayDate": "2022-10-07",
    "dateRecordDate": "2022-09-16",
    "dividend": 0.018,
    "dividendType": "F",
    "frankingPercent": 100,
    "cashFlow": 2.521,
    "earningsPerShare": 0.00288,
    "freeCashFlowYield": 0.05833679464981589,
    "priceEarningsRatio": 64.23611,
    "priceToCash": 17.14184,
    "foreignExempt": false,
    "shareDescription": "Ordinary Fully Paid",
    "numOfShares": 289928690,
    "yieldAnnual": 17.53424657534247,
    "incomeStatement": [
      {
        "revenue": 53801000,
        "netIncome": 13223000,
        "period": "2022A",
        "fPeriodEndDate": 44742,
        "curCode": "AUD"
      },
      {
        "revenue": 42556000,
        "netIncome": 7238000,
        "period": "2021A",
        "fPeriodEndDate": 44377,
        "curCode": "AUD"
      },
      {
        "revenue": 47053000,
        "netIncome": 2672000,
        "period": "2020A",
        "fPeriodEndDate": 44012,
        "curCode": "AUD"
      },
      {
        "revenue": 47675000,
        "netIncome": 8400000,
        "period": "2019A",
        "fPeriodEndDate": 43646,
        "curCode": "AUD"
      }
    ]
  },
  {
    "symbol": "ECX",
    "displayName": "ECLIPX GROUP LIMITED",
    "industry": "Financial Services",
    "dateListed": "2015-04-22",
    "marketCap": 567944955,
    "xid": "86359442",
    "priceChangeFiveDayPercent": -4.7393364928909785,
    "isRecentListing": false,
    "priceAsk": 2.12,
    "priceBid": 1.94,
    "priceChange": -0.020000000000000018,
    "priceChangePercent": -0.9852216748768481,
    "priceLast": 2.0100000000000002,
    "sector": "Financials",
    "industryGroup": "Financial Services",
    "securityType": 1,
    "volume": 915641,
    "statusCode": "",
    "isin": "AU000000ECX3",
    "priceClose": 2.0300000000000002,
    "priceDayHigh": 2.0300000000000002,
    "priceDayLow": 1.94,
    "priceFiftyTwoWeekHigh": 2.89,
    "priceFiftyTwoWeekLow": 1.705,
    "volumeAverage": 540503.086957,
    "dateExDate": "2018-12-13",
    "datePayDate": "2019-01-25",
    "dateRecordDate": "2018-12-14",
    "dividend": 0.08,
    "dividendType": "F",
    "frankingPercent": 100,
    "cashFlow": -154.851,
    "earningsPerShare": 0.34688,
    "freeCashFlowYield": 0.4894283476898982,
    "priceEarningsRatio": 5.85217,
    "priceToCash": 2.0432,
    "foreignExempt": false,
    "shareDescription": "Ordinary Fully Paid",
    "numOfShares": 279775840,
    "yieldAnnual": 0,
    "incomeStatement": [
      {
        "revenue": 676665000,
        "netIncome": 103317000,
        "period": "2022A",
        "fPeriodEndDate": 44834,
        "curCode": "AUD"
      },
      {
        "revenue": 648057000,
        "netIncome": 75950000,
        "period": "2021A",
        "fPeriodEndDate": 44469,
        "curCode": "AUD"
      },
      {
        "revenue": 674248000,
        "netIncome": 18205000,
        "period": "2020A",
        "fPeriodEndDate": 44104,
        "curCode": "AUD"
      },
      {
        "revenue": 709401000,
        "netIncome": -341457000,
        "period": "2019A",
        "fPeriodEndDate": 43738,
        "curCode": "AUD"
      }
    ]
  },
  {
    "symbol": "EDC",
    "displayName": "EILDON CAPITAL GROUP",
    "industry": "Financial Services",
    "dateListed": "2017-02-28",
    "marketCap": 36847681,
    "xid": "593109289",
    "priceChangeFiveDayPercent": -0.6369426751592362,
    "isRecentListing": false,
    "priceAsk": 0.8200000000000001,
    "priceBid": 0.785,
    "priceChange": 0,
    "priceChangePercent": 0,
    "priceLast": 0.78,
    "sector": "Financials",
    "industryGroup": "Financial Services",
    "securityType": 6,
    "volume": 0,
    "statusCode": "",
    "isin": "AU000000EDC5",
    "priceClose": 0.78,
    "priceFiftyTwoWeekHigh": 1.04,
    "priceFiftyTwoWeekLow": 0.78,
    "volumeAverage": 11414.846154,
    "dateExDate": "2022-12-23",
    "datePayDate": "2023-01-24",
    "dateRecordDate": "2022-12-28",
    "dividend": 0.015,
    "dividendType": "I",
    "frankingPercent": 0,
    "cashFlow": 9.5848,
    "earningsPerShare": 0.03326,
    "freeCashFlowYield": -0.0000100000010000001,
    "priceEarningsRatio": 23.45159,
    "priceToCash": -99999.99,
    "foreignExempt": false,
    "shareDescription": "Fully Paid Ordinary/units Stapled Securities",
    "numOfShares": 47240617,
    "yieldAnnual": 0,
    "incomeStatement": [
      {
        "revenue": 10106820,
        "netIncome": 2242250,
        "period": "2022A",
        "fPeriodEndDate": 44742,
        "curCode": "AUD"
      },
      {
        "revenue": 7993820,
        "netIncome": 1006180,
        "period": "2021A",
        "fPeriodEndDate": 44377,
        "curCode": "AUD"
      },
      {
        "revenue": 6140020,
        "netIncome": 4091670,
        "period": "2020A",
        "fPeriodEndDate": 44012,
        "curCode": "AUD"
      },
      {
        "revenue": 7563690,
        "netIncome": 4386510,
        "period": "2019A",
        "fPeriodEndDate": 43646,
        "curCode": "AUD"
      }
    ]
  },
  {
    "symbol": "EML",
    "displayName": "EML PAYMENTS LIMITED",
    "industry": "Financial Services",
    "dateListed": "2006-01-18",
    "marketCap": 168292858,
    "xid": "3916120",
    "priceChangeFiveDayPercent": -4.545454545454549,
    "isRecentListing": false,
    "priceAsk": 0.43,
    "priceBid": 0.42,
    "priceChange": -0.030000000000000027,
    "priceChangePercent": -6.666666666666672,
    "priceLast": 0.42,
    "sector": "Financials",
    "industryGroup": "Financial Services",
    "securityType": 1,
    "volume": 1622444,
    "statusCode": "",
    "isin": "AU000000EML7",
    "priceClose": 0.45,
    "priceDayHigh": 0.4525,
    "priceDayLow": 0.42,
    "priceFiftyTwoWeekHigh": 3.05,
    "priceFiftyTwoWeekLow": 0.405,
    "volumeAverage": 2527365.78022,
    "cashFlow": -14.249,
    "earningsPerShare": -0.32804,
    "freeCashFlowYield": -0.0000100000010000001,
    "priceEarningsRatio": -99999.99,
    "priceToCash": -99999.99,
    "foreignExempt": false,
    "shareDescription": "Ordinary Fully Paid",
    "numOfShares": 373984129,
    "yieldAnnual": 0,
    "incomeStatement": [
      {
        "revenue": 232383000,
        "netIncome": -4801000,
        "period": "2022A",
        "fPeriodEndDate": 44742,
        "curCode": "AUD"
      },
      {
        "revenue": 192218000,
        "netIncome": -28695000,
        "period": "2021A",
        "fPeriodEndDate": 44377,
        "curCode": "AUD"
      },
      {
        "revenue": 120959000,
        "netIncome": -7143000,
        "period": "2020A",
        "fPeriodEndDate": 44012,
        "curCode": "AUD"
      },
      {
        "revenue": 97195000,
        "netIncome": 8450000,
        "period": "2019A",
        "fPeriodEndDate": 43646,
        "curCode": "AUD"
      }
    ]
  },
  {
    "symbol": "EQT",
    "displayName": "EQT HOLDINGS LIMITED",
    "industry": "Financial Services",
    "dateListed": "1985-08-06",
    "marketCap": 672586441,
    "xid": "99893",
    "priceChangeFiveDayPercent": -1.1045364891518783,
    "isRecentListing": false,
    "priceAsk": 25.35,
    "priceBid": 25.060000000000002,
    "priceChange": -0.379999999999999,
    "priceChangePercent": -1.4931237721021573,
    "priceLast": 25.07,
    "sector": "Financials",
    "industryGroup": "Financial Services",
    "securityType": 1,
    "volume": 14297,
    "statusCode": "XD",
    "isin": "AU000000EQT1",
    "priceClose": 25.45,
    "priceDayHigh": 25.25,
    "priceDayLow": 25.05,
    "priceFiftyTwoWeekHigh": 28.24646,
    "priceFiftyTwoWeekLow": 23.78,
    "volumeAverage": 15156.989011,
    "dateExDate": "2023-03-08",
    "datePayDate": "2023-03-31",
    "dateRecordDate": "2023-03-09",
    "dividend": 0.49,
    "dividendType": "I",
    "frankingPercent": 100,
    "cashFlow": -3.052,
    "earningsPerShare": 0.83176,
    "freeCashFlowYield": 0.03189478293845997,
    "priceEarningsRatio": 30.59777,
    "priceToCash": 31.35309,
    "foreignExempt": false,
    "shareDescription": "Ordinary Fully Paid",
    "numOfShares": 26427758,
    "yieldAnnual": 3.909054646988432,
    "incomeStatement": [
      {
        "revenue": 111598000,
        "netIncome": 24228000,
        "period": "2022A",
        "fPeriodEndDate": 44742,
        "curCode": "AUD"
      },
      {
        "revenue": 100860000,
        "netIncome": 21528000,
        "period": "2021A",
        "fPeriodEndDate": 44377,
        "curCode": "AUD"
      },
      {
        "revenue": 95635000,
        "netIncome": 19212000,
        "period": "2020A",
        "fPeriodEndDate": 44012,
        "curCode": "AUD"
      },
      {
        "revenue": 92534000,
        "netIncome": 22194000,
        "period": "2019A",
        "fPeriodEndDate": 43646,
        "curCode": "AUD"
      }
    ]
  },
  {
    "symbol": "EQS",
    "displayName": "EQUITY STORY GROUP LTD",
    "industry": "Financial Services",
    "dateListed": "2022-05-03",
    "marketCap": 5670654,
    "xid": "706546201",
    "priceChangeFiveDayPercent": 0,
    "isRecentListing": false,
    "priceAsk": 0.059000000000000004,
    "priceBid": 0.045,
    "priceChange": 0,
    "priceChangePercent": 0,
    "priceLast": 0.053,
    "sector": "Financials",
    "industryGroup": "Financial Services",
    "securityType": 1,
    "volume": 0,
    "statusCode": "",
    "isin": "AU0000208654",
    "priceClose": 0.053,
    "priceFiftyTwoWeekHigh": 0.185,
    "priceFiftyTwoWeekLow": 0.031,
    "volumeAverage": 85243.677419,
    "cashFlow": -1.70806,
    "earningsPerShare": -0.02702,
    "freeCashFlowYield": -0.0000100000010000001,
    "priceEarningsRatio": -99999.99,
    "priceToCash": -99999.99,
    "foreignExempt": false,
    "shareDescription": "Ordinary Fully Paid",
    "numOfShares": 106993464,
    "yieldAnnual": 0,
    "incomeStatement": [
      {
        "revenue": 822220,
        "netIncome": -1979440,
        "period": "2022A",
        "fPeriodEndDate": 44742,
        "curCode": "AUD"
      },
      {
        "revenue": 0,
        "netIncome": -32768,
        "period": "2021A",
        "fPeriodEndDate": 44377,
        "curCode": "AUD"
      }
    ]
  },
  {
    "symbol": "EZL",
    "displayName": "EUROZ HARTLEYS GROUP LIMITED",
    "industry": "Financial Services",
    "dateListed": "1971-08-02",
    "marketCap": 184919352,
    "xid": "104041",
    "priceChangeFiveDayPercent": -2.631578947368404,
    "isRecentListing": false,
    "priceAsk": 1.12,
    "priceBid": 1.11,
    "priceChange": -0.014999999999999902,
    "priceChangePercent": -1.3333333333333246,
    "priceLast": 1.11,
    "sector": "Financials",
    "industryGroup": "Financial Services",
    "securityType": 1,
    "volume": 73790,
    "statusCode": "RE",
    "isin": "AU000000EZL9",
    "priceClose": 1.125,
    "priceDayHigh": 1.125,
    "priceDayLow": 1.11,
    "priceFiftyTwoWeekHigh": 2.21306,
    "priceFiftyTwoWeekLow": 1.07,
    "volumeAverage": 114517.252349,
    "dateExDate": "2023-02-01",
    "datePayDate": "2023-02-17",
    "dateRecordDate": "2023-02-02",
    "dividend": 0.025,
    "dividendType": "I",
    "frankingPercent": 100,
    "cashFlow": -51.67945,
    "earningsPerShare": 0.12483,
    "freeCashFlowYield": 0.12579644876625135,
    "priceEarningsRatio": 9.01226,
    "priceToCash": 7.94935,
    "foreignExempt": false,
    "shareDescription": "Ordinary Fully Paid",
    "numOfShares": 164372757,
    "yieldAnnual": 9.9009009009009,
    "incomeStatement": [
      {
        "revenue": 118690900,
        "netIncome": 40723720,
        "period": "2022A",
        "fPeriodEndDate": 44742,
        "curCode": "AUD"
      },
      {
        "revenue": 128068380,
        "netIncome": 52540910,
        "period": "2021A",
        "fPeriodEndDate": 44377,
        "curCode": "AUD"
      },
      {
        "revenue": 49588000,
        "netIncome": -1354730,
        "period": "2020A",
        "fPeriodEndDate": 44012,
        "curCode": "AUD"
      },
      {
        "revenue": 59952700,
        "netIncome": -107690,
        "period": "2019A",
        "fPeriodEndDate": 43646,
        "curCode": "AUD"
      }
    ]
  },
  {
    "symbol": "EVE",
    "displayName": "EVE HEALTH GROUP LIMITED.",
    "industry": "Financial Services",
    "dateListed": "2004-04-08",
    "marketCap": 5274483,
    "xid": "38688",
    "priceChangeFiveDayPercent": 0,
    "isRecentListing": false,
    "priceAsk": 0.001,
    "priceChange": 0,
    "priceChangePercent": 0,
    "priceLast": 0.001,
    "sector": "Consumer Staples",
    "industryGroup": "Food, Beverage & Tobacco",
    "securityType": 1,
    "volume": 1000000,
    "statusCode": "",
    "isin": "AU000000EVE3",
    "priceClose": 0.001,
    "priceDayHigh": 0.001,
    "priceDayLow": 0.001,
    "priceFiftyTwoWeekHigh": 0.00208,
    "priceFiftyTwoWeekLow": 0.00083,
    "volumeAverage": 3858869.315789,
    "cashFlow": -2.82157,
    "earningsPerShare": -0.00094,
    "freeCashFlowYield": -0.0000100000010000001,
    "priceEarningsRatio": -99999.99,
    "priceToCash": -99999.99,
    "foreignExempt": false,
    "shareDescription": "Ordinary Fully Paid",
    "numOfShares": 5274482664,
    "yieldAnnual": 0,
    "incomeStatement": [
      {
        "revenue": 2390620,
        "netIncome": -5371950,
        "period": "2022A",
        "fPeriodEndDate": 44742,
        "curCode": "AUD"
      },
      {
        "revenue": 2800990,
        "netIncome": -3630690,
        "period": "2021A",
        "fPeriodEndDate": 44377,
        "curCode": "AUD"
      },
      {
        "revenue": 2311170,
        "netIncome": -2400440,
        "period": "2020A",
        "fPeriodEndDate": 44012,
        "curCode": "AUD"
      },
      {
        "revenue": 1597870,
        "netIncome": -2638510,
        "period": "2019A",
        "fPeriodEndDate": 43646,
        "curCode": "AUD"
      }
    ]
  },
  {
    "symbol": "FFG",
    "displayName": "FATFISH GROUP LIMITED",
    "industry": "Financial Services",
    "dateListed": "1995-11-23",
    "marketCap": 14509318,
    "xid": "53697",
    "priceChangeFiveDayPercent": -12.5,
    "isRecentListing": false,
    "priceAsk": 0.017,
    "priceBid": 0.013000000000000001,
    "priceChange": 0,
    "priceChangePercent": 0,
    "priceLast": 0.014,
    "sector": "Financials",
    "industryGroup": "Financial Services",
    "securityType": 1,
    "volume": 572862,
    "statusCode": "",
    "isin": "AU000000FFG8",
    "priceClose": 0.014,
    "priceDayHigh": 0.017,
    "priceDayLow": 0.014,
    "priceFiftyTwoWeekHigh": 0.046,
    "priceFiftyTwoWeekLow": 0.013,
    "volumeAverage": 833149.511364,
    "cashFlow": -2.61414,
    "earningsPerShare": -0.01223,
    "freeCashFlowYield": -0.0000100000010000001,
    "priceEarningsRatio": -99999.99,
    "priceToCash": -99999.99,
    "foreignExempt": false,
    "shareDescription": "Ordinary Fully Paid",
    "numOfShares": 1036379877,
    "yieldAnnual": 0,
    "incomeStatement": [
      {
        "revenue": 3360430,
        "netIncome": -12670890,
        "period": "2022A",
        "fPeriodEndDate": 44926,
        "curCode": "AUD"
      },
      {
        "revenue": 488810,
        "netIncome": -9020170,
        "period": "2021A",
        "fPeriodEndDate": 44561,
        "curCode": "AUD"
      },
      {
        "revenue": 659120,
        "netIncome": 1918650,
        "period": "2020A",
        "fPeriodEndDate": 44196,
        "curCode": "AUD"
      },
      {
        "revenue": 2745600,
        "netIncome": -11858220,
        "period": "2019A",
        "fPeriodEndDate": 43830,
        "curCode": "AUD"
      }
    ]
  },
  {
    "symbol": "FID",
    "displayName": "FIDUCIAN GROUP LIMITED",
    "industry": "Financial Services",
    "dateListed": "2015-02-09",
    "marketCap": 195161263,
    "xid": "84409438",
    "priceChangeFiveDayPercent": 0.16129032258064172,
    "isRecentListing": false,
    "priceAsk": 6.26,
    "priceBid": 6.05,
    "priceChange": 0.009999999999999787,
    "priceChangePercent": 0.16129032258064172,
    "priceLast": 6.21,
    "sector": "Financials",
    "industryGroup": "Financial Services",
    "securityType": 1,
    "volume": 35687,
    "statusCode": "",
    "isin": "AU000000FID9",
    "priceClose": 6.2,
    "priceDayHigh": 6.2250000000000005,
    "priceDayLow": 6.04,
    "priceFiftyTwoWeekHigh": 8.7,
    "priceFiftyTwoWeekLow": 5.78,
    "volumeAverage": 8382.2,
    "dateExDate": "2023-02-24",
    "datePayDate": "2023-03-13",
    "dateRecordDate": "2023-02-27",
    "dividend": 0.123,
    "dividendType": "I",
    "frankingPercent": 100,
    "cashFlow": 7.014,
    "earningsPerShare": 0.3851,
    "freeCashFlowYield": 0.08669237384525759,
    "priceEarningsRatio": 16.09971,
    "priceToCash": 11.53504,
    "foreignExempt": false,
    "shareDescription": "Ordinary Fully Paid",
    "numOfShares": 31477623,
    "yieldAnnual": 4.3800322061191626,
    "incomeStatement": [
      {
        "revenue": 69539000,
        "netIncome": 13317000,
        "period": "2022A",
        "fPeriodEndDate": 44742,
        "curCode": "AUD"
      },
      {
        "revenue": 58839000,
        "netIncome": 12179000,
        "period": "2021A",
        "fPeriodEndDate": 44377,
        "curCode": "AUD"
      },
      {
        "revenue": 54999000,
        "netIncome": 10463000,
        "period": "2020A",
        "fPeriodEndDate": 44012,
        "curCode": "AUD"
      },
      {
        "revenue": 49404000,
        "netIncome": 10350000,
        "period": "2019A",
        "fPeriodEndDate": 43646,
        "curCode": "AUD"
      }
    ]
  },
  {
    "symbol": "FNX",
    "displayName": "FINEXIA FINANCIAL GROUP LIMITED",
    "industry": "Financial Services",
    "dateListed": "2006-12-21",
    "marketCap": 15028985,
    "xid": "25907394",
    "priceChangeFiveDayPercent": 0,
    "isRecentListing": false,
    "priceAsk": 0.32,
    "priceBid": 0.28,
    "priceChange": 0,
    "priceChangePercent": 0,
    "priceLast": 0.32,
    "securityType": 1,
    "volume": 0,
    "statusCode": "RE",
    "isin": "AU0000107088",
    "priceClose": 0.32,
    "priceFiftyTwoWeekHigh": 0.40727,
    "priceFiftyTwoWeekLow": 0.23273,
    "volumeAverage": 13609.315361,
    "cashFlow": 23.73455,
    "earningsPerShare": 0.07781,
    "freeCashFlowYield": 0.189602214553866,
    "priceEarningsRatio": 4.11258,
    "priceToCash": 5.2742,
    "foreignExempt": false,
    "shareDescription": "Ordinary Fully Paid",
    "numOfShares": 46965578,
    "yieldAnnual": 0,
    "incomeStatement": [
      {
        "revenue": 9278630,
        "netIncome": 3290440,
        "period": "2022A",
        "fPeriodEndDate": 44742,
        "curCode": "AUD"
      },
      {
        "revenue": 4957310,
        "netIncome": 1268750,
        "period": "2021A",
        "fPeriodEndDate": 44377,
        "curCode": "AUD"
      },
      {
        "revenue": 1705160,
        "netIncome": -535100,
        "period": "2020A",
        "fPeriodEndDate": 44012,
        "curCode": "AUD"
      },
      {
        "revenue": 1938750,
        "netIncome": -1071940,
        "period": "2019A",
        "fPeriodEndDate": 43646,
        "curCode": "AUD"
      }
    ]
  },
  {
    "symbol": "FTC",
    "displayName": "FINTECH CHAIN LIMITED",
    "industry": "Financial Services",
    "dateListed": "2012-11-27",
    "marketCap": 16920009,
    "xid": "52379327",
    "priceChangeFiveDayPercent": -7.142857142857137,
    "isRecentListing": false,
    "priceAsk": 0.028,
    "priceBid": 0.026000000000000002,
    "priceChange": 0,
    "priceChangePercent": 0,
    "priceLast": 0.026000000000000002,
    "sector": "Financials",
    "industryGroup": "Financial Services",
    "securityType": 1,
    "volume": 10000,
    "statusCode": "",
    "isin": "AU0000008815",
    "priceClose": 0.026000000000000002,
    "priceDayHigh": 0.026000000000000002,
    "priceDayLow": 0.026000000000000002,
    "priceFiftyTwoWeekHigh": 0.045,
    "priceFiftyTwoWeekLow": 0.018,
    "volumeAverage": 27164.551724,
    "foreignExempt": false,
    "shareDescription": "Chess Depositary Interests 1:1",
    "numOfShares": 650769591,
    "yieldAnnual": 0,
    "incomeStatement": [
      {
        "revenue": 64447600,
        "netIncome": 1570230,
        "period": "2022A",
        "fPeriodEndDate": 44651,
        "curCode": "CNY"
      },
      {
        "revenue": 54770770,
        "netIncome": 10287900,
        "period": "2021A",
        "fPeriodEndDate": 44286,
        "curCode": "CNY"
      },
      {
        "revenue": 35637780,
        "netIncome": 3526880,
        "period": "2020A",
        "fPeriodEndDate": 43921,
        "curCode": "CNY"
      },
      {
        "revenue": 44185840,
        "netIncome": 3020430,
        "period": "2019A",
        "fPeriodEndDate": 43555,
        "curCode": "CNY"
      }
    ]
  },
  {
    "symbol": "FSA",
    "displayName": "FSA GROUP LIMITED",
    "industry": "Financial Services",
    "dateListed": "2001-01-11",
    "marketCap": 126006929,
    "xid": "112695",
    "priceChangeFiveDayPercent": -1.9047619047619064,
    "isRecentListing": false,
    "priceAsk": 1.04,
    "priceBid": 1.025,
    "priceChange": 0,
    "priceChangePercent": 0,
    "priceLast": 1.03,
    "sector": "Financials",
    "industryGroup": "Financial Services",
    "securityType": 1,
    "volume": 5000,
    "statusCode": "",
    "isin": "AU000000FSA4",
    "priceClose": 1.03,
    "priceDayHigh": 1.04,
    "priceDayLow": 1.03,
    "priceFiftyTwoWeekHigh": 1.25,
    "priceFiftyTwoWeekLow": 1.01,
    "volumeAverage": 28561.940299,
    "dateExDate": "2023-03-01",
    "datePayDate": "2023-03-09",
    "dateRecordDate": "2023-03-02",
    "dividend": 0.035,
    "dividendType": "I",
    "frankingPercent": 100,
    "cashFlow": 10.29247,
    "earningsPerShare": 0.12333,
    "freeCashFlowYield": 0.14597005862157555,
    "priceEarningsRatio": 8.35158,
    "priceToCash": 6.85072,
    "foreignExempt": false,
    "shareDescription": "Ordinary Fully Paid",
    "numOfShares": 122336824,
    "yieldAnnual": 6.796116504854369,
    "incomeStatement": [
      {
        "revenue": 70252260,
        "netIncome": 17219770,
        "period": "2022A",
        "fPeriodEndDate": 44742,
        "curCode": "AUD"
      },
      {
        "revenue": 71619000,
        "netIncome": 20108510,
        "period": "2021A",
        "fPeriodEndDate": 44377,
        "curCode": "AUD"
      },
      {
        "revenue": 82525060,
        "netIncome": 16315950,
        "period": "2020A",
        "fPeriodEndDate": 44012,
        "curCode": "AUD"
      },
      {
        "revenue": 86956070,
        "netIncome": 14411170,
        "period": "2019A",
        "fPeriodEndDate": 43646,
        "curCode": "AUD"
      }
    ]
  },
  {
    "symbol": "GOW",
    "displayName": "GOWING BROS LIMITED",
    "industry": "Financial Services",
    "dateListed": "1962-07-31",
    "marketCap": 142873815,
    "xid": "140949",
    "priceChangeFiveDayPercent": -2.5454545454545396,
    "isRecentListing": false,
    "priceAsk": 2.8000000000000003,
    "priceBid": 2.68,
    "priceChange": 0,
    "priceChangePercent": 0,
    "priceLast": 2.68,
    "sector": "Financials",
    "industryGroup": "Financial Services",
    "securityType": 1,
    "volume": 0,
    "statusCode": "",
    "isin": "AU000000GOW5",
    "priceClose": 2.68,
    "priceFiftyTwoWeekHigh": 3.1,
    "priceFiftyTwoWeekLow": 2.45,
    "volumeAverage": 9353.408451,
    "dateExDate": "2022-10-12",
    "datePayDate": "2022-10-28",
    "dateRecordDate": "2022-10-13",
    "dividend": 0.04,
    "dividendType": "F",
    "frankingPercent": 100,
    "cashFlow": -8.266,
    "earningsPerShare": 0.20399,
    "freeCashFlowYield": 0.08847670541061597,
    "priceEarningsRatio": 13.1379,
    "priceToCash": 11.30241,
    "foreignExempt": false,
    "shareDescription": "Ordinary Fully Paid",
    "numOfShares": 53311125,
    "yieldAnnual": 2.985074626865672,
    "incomeStatement": [
      {
        "revenue": 74239000,
        "netIncome": 10915000,
        "period": "2022A",
        "fPeriodEndDate": 44773,
        "curCode": "AUD"
      },
      {
        "revenue": 71152000,
        "netIncome": 10381000,
        "period": "2021A",
        "fPeriodEndDate": 44408,
        "curCode": "AUD"
      },
      {
        "revenue": 61777000,
        "netIncome": 4747000,
        "period": "2020A",
        "fPeriodEndDate": 44043,
        "curCode": "AUD"
      },
      {
        "revenue": 64437000,
        "netIncome": -19403000,
        "period": "2019A",
        "fPeriodEndDate": 43677,
        "curCode": "AUD"
      }
    ]
  },
  {
    "symbol": "GQG",
    "displayName": "GQG PARTNERS INC.",
    "industry": "Financial Services",
    "dateListed": "2021-10-26",
    "marketCap": 4148691635,
    "xid": "684507497",
    "priceChangeFiveDayPercent": -7.216494845360823,
    "isRecentListing": false,
    "priceAsk": 1.36,
    "priceBid": 1.345,
    "priceChange": -0.05499999999999994,
    "priceChangePercent": -3.9145907473309562,
    "priceLast": 1.35,
    "sector": "Financials",
    "industryGroup": "Financial Services",
    "securityType": 1,
    "volume": 431582,
    "statusCode": "XD",
    "isin": "AU0000180499",
    "priceClose": 1.405,
    "priceDayHigh": 1.43,
    "priceDayLow": 1.35,
    "priceFiftyTwoWeekHigh": 1.75,
    "priceFiftyTwoWeekLow": 1.2325,
    "volumeAverage": 770336.826087,
    "dateExDate": "2023-02-22",
    "datePayDate": "2023-03-28",
    "dateRecordDate": "2023-02-23",
    "dividend": 0.0197,
    "dividendType": "F",
    "frankingPercent": 0,
    "cashFlow": -49.84085,
    "earningsPerShare": 0.11888,
    "freeCashFlowYield": 0.08631307651740547,
    "priceEarningsRatio": 11.81902,
    "priceToCash": 11.58573,
    "foreignExempt": false,
    "shareDescription": "Cdi 1:1 Us Person Prohibited Excluding Qib",
    "numOfShares": 2952805434,
    "yieldAnnual": 0,
    "incomeStatement": [
      {
        "revenue": 436828000,
        "netIncome": 237942000,
        "period": "2022A",
        "fPeriodEndDate": 44926,
        "curCode": "USD"
      },
      {
        "revenue": 397943000,
        "netIncome": 304872000,
        "period": "2021A",
        "fPeriodEndDate": 44561,
        "curCode": "USD"
      },
      {
        "revenue": 227545510,
        "netIncome": 167908380,
        "period": "2020A",
        "fPeriodEndDate": 44196,
        "curCode": "USD"
      },
      {
        "revenue": 114881700,
        "netIncome": 77300140,
        "period": "2019A",
        "fPeriodEndDate": 43830,
        "curCode": "USD"
      }
    ]
  },
  {
    "symbol": "HAL",
    "displayName": "HALO TECHNOLOGIES HOLDINGS LTD",
    "industry": "Financial Services",
    "dateListed": "2022-04-26",
    "marketCap": 24604090,
    "xid": "711573279",
    "priceChangeFiveDayPercent": -2.564102564102566,
    "isRecentListing": false,
    "priceAsk": 0.2,
    "priceBid": 0.19,
    "priceChange": 0,
    "priceChangePercent": 0,
    "priceLast": 0.19,
    "sector": "Financials",
    "industryGroup": "Financial Services",
    "securityType": 1,
    "volume": 0,
    "statusCode": "",
    "isin": "AU0000211971",
    "priceClose": 0.19,
    "priceFiftyTwoWeekHigh": 1.185,
    "priceFiftyTwoWeekLow": 0.16,
    "volumeAverage": 30976.860759,
    "cashFlow": -5.30572,
    "earningsPerShare": -0.01616,
    "freeCashFlowYield": -0.0000100000010000001,
    "priceEarningsRatio": -99999.99,
    "priceToCash": -99999.99,
    "foreignExempt": false,
    "shareDescription": "Ordinary Fully Paid",
    "numOfShares": 129495213,
    "yieldAnnual": 0,
    "incomeStatement": [
      {
        "revenue": 11350960,
        "netIncome": -2026220,
        "period": "2022A",
        "fPeriodEndDate": 44926,
        "curCode": "AUD"
      },
      {
        "revenue": 11786820,
        "netIncome": 1041860,
        "period": "2021A",
        "fPeriodEndDate": 44561,
        "curCode": "AUD"
      },
      {
        "revenue": 4980340,
        "netIncome": 1172260,
        "period": "2020A",
        "fPeriodEndDate": 44196,
        "curCode": "AUD"
      },
      {
        "revenue": 1351170,
        "netIncome": 184060,
        "period": "2019A",
        "fPeriodEndDate": 43830,
        "curCode": "AUD"
      }
    ]
  },
  {
    "symbol": "HMY",
    "displayName": "HARMONEY CORP LIMITED",
    "industry": "Financial Services",
    "dateListed": "2020-11-19",
    "marketCap": 40622235,
    "xid": "627700340",
    "priceChangeFiveDayPercent": -14.606741573033707,
    "isRecentListing": false,
    "priceAsk": 0.395,
    "priceBid": 0.38,
    "priceChange": -0.020000000000000018,
    "priceChangePercent": -5.000000000000004,
    "priceLast": 0.38,
    "sector": "Financials",
    "industryGroup": "Financial Services",
    "securityType": 1,
    "volume": 1592,
    "statusCode": "",
    "isin": "NZHMYE0001S5",
    "priceClose": 0.4,
    "priceDayHigh": 0.405,
    "priceDayLow": 0.38,
    "priceFiftyTwoWeekHigh": 1.435,
    "priceFiftyTwoWeekLow": 0.38,
    "volumeAverage": 30751.47619,
    "cashFlow": 8.31,
    "earningsPerShare": -0.1839,
    "freeCashFlowYield": -0.0000100000010000001,
    "priceEarningsRatio": -99999.99,
    "priceToCash": -99999.99,
    "foreignExempt": false,
    "shareDescription": "Ordinary Fully Paid",
    "numOfShares": 101555587,
    "yieldAnnual": 0,
    "incomeStatement": [
      {
        "revenue": 77262000,
        "netIncome": -20179000,
        "period": "2022A",
        "fPeriodEndDate": 44742,
        "curCode": "NZD"
      },
      {
        "revenue": 38302000,
        "netIncome": -27034000,
        "period": "2021A",
        "fPeriodEndDate": 44377,
        "curCode": "NZD"
      },
      {
        "revenue": 37480000,
        "netIncome": -15372000,
        "period": "2020A",
        "fPeriodEndDate": 44012,
        "curCode": "NZD"
      },
      {
        "revenue": 33275000,
        "netIncome": 7220000,
        "period": "2019A",
        "fPeriodEndDate": 43555,
        "curCode": "NZD"
      }
    ]
  },
  {
    "symbol": "HLI",
    "displayName": "HELIA GROUP LIMITED",
    "industry": "Financial Services",
    "dateListed": "2014-05-20",
    "marketCap": 955478213,
    "xid": "74746746",
    "priceChangeFiveDayPercent": -5.4794520547945105,
    "isRecentListing": false,
    "priceAsk": 2.8000000000000003,
    "priceBid": 2.74,
    "priceChange": 0.010000000000000231,
    "priceChangePercent": 0.36363636363637203,
    "priceLast": 2.7600000000000002,
    "sector": "Financials",
    "industryGroup": "Financial Services",
    "securityType": 1,
    "volume": 1225366,
    "statusCode": "XD",
    "isin": "AU0000251498",
    "priceClose": 2.75,
    "priceDayHigh": 2.835,
    "priceDayLow": 2.74,
    "priceFiftyTwoWeekHigh": 3.45,
    "priceFiftyTwoWeekLow": 2.03,
    "volumeAverage": 998116.043478,
    "dateExDate": "2023-03-09",
    "datePayDate": "2023-03-24",
    "dateRecordDate": "2023-03-10",
    "dividend": 0.41,
    "dividendType": "F",
    "frankingPercent": 100,
    "cashFlow": -67.617,
    "earningsPerShare": 0.50673,
    "freeCashFlowYield": -0.0000100000010000001,
    "priceEarningsRatio": 5.42695,
    "priceToCash": -99999.99,
    "foreignExempt": false,
    "shareDescription": "Ordinary Fully Paid",
    "numOfShares": 347446623,
    "yieldAnnual": 19.202898550724637,
    "incomeStatement": [
      {
        "revenue": 343155000,
        "netIncome": 186770000,
        "period": "2022A",
        "fPeriodEndDate": 44926,
        "curCode": "AUD"
      },
      {
        "revenue": 359951000,
        "netIncome": 192821000,
        "period": "2021A",
        "fPeriodEndDate": 44561,
        "curCode": "AUD"
      },
      {
        "revenue": 401966000,
        "netIncome": -107582000,
        "period": "2020A",
        "fPeriodEndDate": 44196,
        "curCode": "AUD"
      },
      {
        "revenue": 437297000,
        "netIncome": 120084000,
        "period": "2019A",
        "fPeriodEndDate": 43830,
        "curCode": "AUD"
      }
    ]
  },
  {
    "symbol": "HUB",
    "displayName": "HUB24 LIMITED",
    "industry": "Financial Services",
    "dateListed": "2007-07-05",
    "marketCap": 2243798505,
    "xid": "7884268",
    "priceChangeFiveDayPercent": -2.2927689594356333,
    "isRecentListing": false,
    "priceAsk": 27.72,
    "priceBid": 27.150000000000002,
    "priceChange": -0.3200000000000003,
    "priceChangePercent": -1.1420413990007148,
    "priceLast": 27.7,
    "sector": "Financials",
    "industryGroup": "Financial Services",
    "securityType": 1,
    "volume": 140919,
    "statusCode": "XD",
    "isin": "AU000000HUB4",
    "priceClose": 28.02,
    "priceDayHigh": 27.75,
    "priceDayLow": 27.43,
    "priceFiftyTwoWeekHigh": 30.46,
    "priceFiftyTwoWeekLow": 17.65,
    "volumeAverage": 233269.01087,
    "dateExDate": "2023-03-20",
    "datePayDate": "2023-04-18",
    "dateRecordDate": "2023-03-21",
    "dividend": 0.14,
    "dividendType": "I",
    "frankingPercent": 100,
    "cashFlow": 19.626,
    "earningsPerShare": 0.26781,
    "freeCashFlowYield": 0.021136925638393284,
    "priceEarningsRatio": 104.6264,
    "priceToCash": 47.31057,
    "foreignExempt": false,
    "shareDescription": "Ordinary Fully Paid",
    "numOfShares": 80078462,
    "yieldAnnual": 0.9566787003610108,
    "incomeStatement": [
      {
        "revenue": 191403000,
        "netIncome": 14662000,
        "period": "2022A",
        "fPeriodEndDate": 44742,
        "curCode": "AUD"
      },
      {
        "revenue": 108813000,
        "netIncome": 9769000,
        "period": "2021A",
        "fPeriodEndDate": 44377,
        "curCode": "AUD"
      },
      {
        "revenue": 81659390,
        "netIncome": 8228300,
        "period": "2020A",
        "fPeriodEndDate": 44012,
        "curCode": "AUD"
      },
      {
        "revenue": 97522250,
        "netIncome": 7163960,
        "period": "2019A",
        "fPeriodEndDate": 43646,
        "curCode": "AUD"
      }
    ]
  },
  {
    "symbol": "HUM",
    "displayName": "HUMM GROUP LIMITED",
    "industry": "Financial Services",
    "dateListed": "2006-12-12",
    "marketCap": 217671136,
    "xid": "6133401",
    "priceChangeFiveDayPercent": -12.244897959183673,
    "isRecentListing": false,
    "priceAsk": 0.45,
    "priceBid": 0.43,
    "priceChange": -0.0050000000000000044,
    "priceChangePercent": -1.1494252873563229,
    "priceLast": 0.43,
    "sector": "Financials",
    "industryGroup": "Financial Services",
    "securityType": 1,
    "volume": 878483,
    "statusCode": "XD",
    "isin": "AU0000121337",
    "priceClose": 0.435,
    "priceDayHigh": 0.47000000000000003,
    "priceDayLow": 0.43,
    "priceFiftyTwoWeekHigh": 0.855,
    "priceFiftyTwoWeekLow": 0.4,
    "volumeAverage": 414576.706522,
    "dateExDate": "2023-03-01",
    "datePayDate": "2023-04-11",
    "dateRecordDate": "2023-03-02",
    "dividend": 0.01,
    "dividendType": "I",
    "frankingPercent": 100,
    "cashFlow": -829.4,
    "earningsPerShare": 0.00288,
    "freeCashFlowYield": 0.15390179526444178,
    "priceEarningsRatio": 151.0417,
    "priceToCash": 6.49765,
    "foreignExempt": false,
    "shareDescription": "Ordinary Fully Paid",
    "numOfShares": 500393417,
    "yieldAnnual": 5.5813953488372094,
    "incomeStatement": [
      {
        "revenue": 440400000,
        "netIncome": -170300000,
        "period": "2022A",
        "fPeriodEndDate": 44742,
        "curCode": "AUD"
      },
      {
        "revenue": 444400000,
        "netIncome": 60100000,
        "period": "2021A",
        "fPeriodEndDate": 44377,
        "curCode": "AUD"
      },
      {
        "revenue": 474600000,
        "netIncome": 21400000,
        "period": "2020A",
        "fPeriodEndDate": 44012,
        "curCode": "AUD"
      },
      {
        "revenue": 487800000,
        "netIncome": 61700000,
        "period": "2019A",
        "fPeriodEndDate": 43646,
        "curCode": "AUD"
      }
    ]
  },
  {
    "symbol": "IPC",
    "displayName": "IMPERIAL PACIFIC LIMITED",
    "industry": "Financial Services",
    "dateListed": "1971-07-28",
    "marketCap": 7701780,
    "xid": "59813",
    "priceChangeFiveDayPercent": 0,
    "isRecentListing": false,
    "priceBid": 1.43,
    "priceChange": 0,
    "priceChangePercent": 0,
    "priceLast": 1.49,
    "sector": "Financials",
    "industryGroup": "Financial Services",
    "securityType": 1,
    "volume": 0,
    "statusCode": "",
    "isin": "AU000000IPC0",
    "priceClose": 1.49,
    "priceFiftyTwoWeekHigh": 1.52,
    "priceFiftyTwoWeekLow": 1.42,
    "volumeAverage": 2425,
    "dateExDate": "2022-10-03",
    "datePayDate": "2022-10-14",
    "dateRecordDate": "2022-10-04",
    "dividend": 0.0625,
    "dividendType": "F",
    "frankingPercent": 100,
    "cashFlow": -0.1868,
    "earningsPerShare": 0.01673,
    "freeCashFlowYield": 0.01705449730504834,
    "priceEarningsRatio": 89.06157,
    "priceToCash": 58.63556,
    "foreignExempt": false,
    "shareDescription": "Ordinary Fully Paid",
    "numOfShares": 5168980,
    "yieldAnnual": 4.194630872483222,
    "incomeStatement": [
      {
        "revenue": 343190,
        "netIncome": 758240,
        "period": "2022A",
        "fPeriodEndDate": 44742,
        "curCode": "AUD"
      },
      {
        "revenue": 223900,
        "netIncome": -118140,
        "period": "2021A",
        "fPeriodEndDate": 44377,
        "curCode": "AUD"
      },
      {
        "revenue": 201220,
        "netIncome": -141790,
        "period": "2020A",
        "fPeriodEndDate": 44012,
        "curCode": "AUD"
      },
      {
        "revenue": 114720,
        "netIncome": -189200,
        "period": "2019A",
        "fPeriodEndDate": 43646,
        "curCode": "AUD"
      }
    ]
  },
  {
    "symbol": "IAM",
    "displayName": "INCOME ASSET MANAGEMENT GROUP LIMITED.",
    "industry": "Financial Services",
    "dateListed": "1987-01-14",
    "marketCap": 44803331,
    "xid": "238226",
    "priceChangeFiveDayPercent": -12.499999999999995,
    "isRecentListing": false,
    "priceAsk": 0.165,
    "priceBid": 0.14,
    "priceChange": -0.01999999999999999,
    "priceChangePercent": -12.499999999999995,
    "priceLast": 0.14,
    "sector": "Financials",
    "industryGroup": "Financial Services",
    "securityType": null,
    "volume": 67145,
    "statusCode": "",
    "isin": "AU0000200198",
    "priceClose": 0.16,
    "priceDayHigh": 0.165,
    "priceDayLow": 0.14,
    "priceFiftyTwoWeekHigh": 0.26,
    "priceFiftyTwoWeekLow": 0.125,
    "volumeAverage": 110400.26,
    "cashFlow": -5.14829,
    "earningsPerShare": -0.03129,
    "freeCashFlowYield": -0.0000100000010000001,
    "priceEarningsRatio": -99999.99,
    "priceToCash": -99999.99,
    "foreignExempt": false,
    "shareDescription": "Ordinary Fully Paid",
    "numOfShares": 280020821,
    "yieldAnnual": 0,
    "incomeStatement": [
      {
        "revenue": 7382250,
        "netIncome": -11593000,
        "period": "2022A",
        "fPeriodEndDate": 44742,
        "curCode": "AUD"
      },
      {
        "revenue": 4292170,
        "netIncome": -15293650,
        "period": "2021A",
        "fPeriodEndDate": 44377,
        "curCode": "AUD"
      },
      {
        "revenue": 1269490,
        "netIncome": -7351120,
        "period": "2020A",
        "fPeriodEndDate": 44012,
        "curCode": "AUD"
      },
      {
        "revenue": 1152540,
        "netIncome": -7313520,
        "period": "2019A",
        "fPeriodEndDate": 43646,
        "curCode": "AUD"
      }
    ]
  },
  {
    "symbol": "IFL",
    "displayName": "INSIGNIA FINANCIAL LTD",
    "industry": "Financial Services",
    "dateListed": "2003-12-05",
    "marketCap": 1915998408,
    "xid": "164151",
    "priceChangeFiveDayPercent": -5.351170568561877,
    "isRecentListing": false,
    "priceAsk": 2.83,
    "priceBid": 2.81,
    "priceChange": -0.08000000000000007,
    "priceChangePercent": -2.7491408934707926,
    "priceLast": 2.83,
    "sector": "Financials",
    "industryGroup": "Financial Services",
    "securityType": 1,
    "volume": 1093191,
    "statusCode": "XD",
    "isin": "AU000000IFL2",
    "priceClose": 2.91,
    "priceDayHigh": 2.89,
    "priceDayLow": 2.825,
    "priceFiftyTwoWeekHigh": 3.8,
    "priceFiftyTwoWeekLow": 2.55,
    "volumeAverage": 1316633.130435,
    "dateExDate": "2023-03-10",
    "datePayDate": "2023-04-03",
    "dateRecordDate": "2023-03-13",
    "dividend": 0.105,
    "dividendType": "I",
    "frankingPercent": 50,
    "cashFlow": -186.2,
    "earningsPerShare": -0.01839,
    "freeCashFlowYield": 0.06889358283833294,
    "priceEarningsRatio": -99999.99,
    "priceToCash": 14.51514,
    "foreignExempt": false,
    "shareDescription": "Ordinary Fully Paid",
    "numOfShares": 658418697,
    "yieldAnnual": 7.879858657243816,
    "incomeStatement": [
      {
        "revenue": 2156400000,
        "netIncome": 36800000,
        "period": "2022A",
        "fPeriodEndDate": 44742,
        "curCode": "AUD"
      },
      {
        "revenue": 1302400000,
        "netIncome": -142600000,
        "period": "2021A",
        "fPeriodEndDate": 44377,
        "curCode": "AUD"
      },
      {
        "revenue": 1100300000,
        "netIncome": 141200000,
        "period": "2020A",
        "fPeriodEndDate": 44012,
        "curCode": "AUD"
      },
      {
        "revenue": 1120664000,
        "netIncome": 28560000,
        "period": "2019A",
        "fPeriodEndDate": 43646,
        "curCode": "AUD"
      }
    ]
  },
  {
    "symbol": "INV",
    "displayName": "INVESTSMART GROUP LIMITED",
    "industry": "Financial Services",
    "dateListed": "2005-04-21",
    "marketCap": 28243840,
    "xid": "1657170",
    "priceChangeFiveDayPercent": -19.999999999999996,
    "isRecentListing": false,
    "priceAsk": 0.24,
    "priceBid": 0.2,
    "priceChange": 0,
    "priceChangePercent": 0,
    "priceLast": 0.2,
    "sector": "Financials",
    "industryGroup": "Financial Services",
    "securityType": 1,
    "volume": 0,
    "statusCode": "",
    "isin": "AU000000INV5",
    "priceClose": 0.2,
    "priceFiftyTwoWeekHigh": 0.385,
    "priceFiftyTwoWeekLow": 0.16,
    "volumeAverage": 42466.69697,
    "cashFlow": 0.15436,
    "earningsPerShare": -0.00466,
    "freeCashFlowYield": 0.010396566637833523,
    "priceEarningsRatio": -99999.99,
    "priceToCash": 96.1856,
    "foreignExempt": false,
    "shareDescription": "Ordinary Fully Paid",
    "numOfShares": 141219201,
    "yieldAnnual": 0,
    "incomeStatement": [
      {
        "revenue": 9268980,
        "netIncome": -740180,
        "period": "2022A",
        "fPeriodEndDate": 44742,
        "curCode": "AUD"
      },
      {
        "revenue": 9671350,
        "netIncome": 35780,
        "period": "2021A",
        "fPeriodEndDate": 44377,
        "curCode": "AUD"
      },
      {
        "revenue": 10613050,
        "netIncome": -1335660,
        "period": "2020A",
        "fPeriodEndDate": 44012,
        "curCode": "AUD"
      },
      {
        "revenue": 11987380,
        "netIncome": -1770850,
        "period": "2019A",
        "fPeriodEndDate": 43646,
        "curCode": "AUD"
      }
    ]
  },
  {
    "symbol": "JHG",
    "displayName": "JANUS HENDERSON GROUP PLC",
    "industry": "Financial Services",
    "dateListed": "2008-10-27",
    "marketCap": 6897903638,
    "xid": "146251",
    "priceChangeFiveDayPercent": -3.501037344398344,
    "isRecentListing": false,
    "priceAsk": 37.5,
    "priceBid": 35.910000000000004,
    "priceChange": -1.0399999999999991,
    "priceChangePercent": -2.718954248366011,
    "priceLast": 37.21,
    "sector": "Financials",
    "industryGroup": "Financial Services",
    "securityType": 1,
    "volume": 473537,
    "statusCode": "",
    "isin": "AU000000JHG6",
    "priceClose": 38.25,
    "priceDayHigh": 37.56,
    "priceDayLow": 37.13,
    "priceFiftyTwoWeekHigh": 48.65,
    "priceFiftyTwoWeekLow": 30.995,
    "volumeAverage": 63638.532609,
    "dateExDate": "2023-02-10",
    "datePayDate": "2023-02-28",
    "dateRecordDate": "2023-02-13",
    "dividend": 0.56,
    "dividendType": "F",
    "frankingPercent": 0,
    "cashFlow": 196.3,
    "earningsPerShare": 2.23962,
    "freeCashFlowYield": 0.07361162945966855,
    "priceEarningsRatio": 11.21172,
    "priceToCash": 13.58481,
    "foreignExempt": true,
    "shareDescription": "Cdi 1:1 Foreign Exempt Nyse",
    "numOfShares": 180337350,
    "yieldAnnual": 6.166084385917764,
    "incomeStatement": [
      {
        "revenue": 2214300000,
        "netIncome": 372400000,
        "period": "2022A",
        "fPeriodEndDate": 44926,
        "curCode": "USD"
      },
      {
        "revenue": 2767000000,
        "netIncome": 622100000,
        "period": "2021A",
        "fPeriodEndDate": 44561,
        "curCode": "USD"
      },
      {
        "revenue": 2298600000,
        "netIncome": 161600000,
        "period": "2020A",
        "fPeriodEndDate": 44196,
        "curCode": "USD"
      },
      {
        "revenue": 2192400000,
        "netIncome": 427600000,
        "period": "2019A",
        "fPeriodEndDate": 43830,
        "curCode": "USD"
      }
    ]
  },
  {
    "symbol": "KAM",
    "displayName": "K2 ASSET MANAGEMENT HOLDINGS LTD",
    "industry": "Financial Services",
    "dateListed": "2007-11-29",
    "marketCap": 10366663,
    "xid": "8307633",
    "priceChangeFiveDayPercent": 6.976744186046519,
    "isRecentListing": false,
    "priceAsk": 0.046,
    "priceBid": 0.045,
    "priceChange": 0.0029999999999999957,
    "priceChangePercent": 6.976744186046502,
    "priceLast": 0.046,
    "sector": "Financials",
    "industryGroup": "Financial Services",
    "securityType": 1,
    "volume": 871912,
    "statusCode": "",
    "isin": "AU000000KAM7",
    "priceClose": 0.043000000000000003,
    "priceDayHigh": 0.046,
    "priceDayLow": 0.044,
    "priceFiftyTwoWeekHigh": 0.069,
    "priceFiftyTwoWeekLow": 0.04,
    "volumeAverage": 88541.372093,
    "dateExDate": "2018-02-19",
    "datePayDate": "2018-02-27",
    "dateRecordDate": "2018-02-20",
    "dividend": 0.005,
    "dividendType": "I",
    "frankingPercent": 100,
    "cashFlow": -1.22583,
    "earningsPerShare": -0.04227,
    "freeCashFlowYield": -0.0000100000010000001,
    "priceEarningsRatio": -99999.99,
    "priceToCash": -99999.99,
    "foreignExempt": false,
    "shareDescription": "Ordinary Fully Paid",
    "numOfShares": 241085196,
    "yieldAnnual": 0,
    "incomeStatement": [
      {
        "revenue": 2121190,
        "netIncome": -2412090,
        "period": "2022A",
        "fPeriodEndDate": 44742,
        "curCode": "AUD"
      },
      {
        "revenue": 4468610,
        "netIncome": 215760,
        "period": "2021A",
        "fPeriodEndDate": 44377,
        "curCode": "AUD"
      },
      {
        "revenue": 3146380,
        "netIncome": -740670,
        "period": "2020A",
        "fPeriodEndDate": 44012,
        "curCode": "AUD"
      },
      {
        "revenue": 4798730,
        "netIncome": -1341890,
        "period": "2019A",
        "fPeriodEndDate": 43646,
        "curCode": "AUD"
      }
    ]
  },
  {
    "symbol": "KBC",
    "displayName": "KEYBRIDGE CAPITAL LIMITED",
    "industry": "Financial Services",
    "dateListed": "1999-12-23",
    "marketCap": 11493243,
    "xid": "1742273",
    "priceChangeFiveDayPercent": -1.81818181818182,
    "isRecentListing": false,
    "priceAsk": 0.069,
    "priceBid": 0.054,
    "priceChange": 0,
    "priceChangePercent": 0,
    "priceLast": 0.054,
    "sector": "Financials",
    "industryGroup": "Financial Services",
    "securityType": 1,
    "volume": 0,
    "statusCode": "",
    "isin": "AU000000KBC6",
    "priceClose": 0.054,
    "priceFiftyTwoWeekHigh": 0.096,
    "priceFiftyTwoWeekLow": 0.053,
    "volumeAverage": 59840.461538,
    "dateExDate": "2018-09-20",
    "datePayDate": "2018-09-28",
    "dateRecordDate": "2018-09-21",
    "dividend": 0.005,
    "dividendType": "F",
    "frankingPercent": 100,
    "cashFlow": -1.00208,
    "earningsPerShare": -0.04307,
    "freeCashFlowYield": -0.0000100000010000001,
    "priceEarningsRatio": -99999.99,
    "priceToCash": -99999.99,
    "foreignExempt": false,
    "shareDescription": "Ordinary Fully Paid",
    "numOfShares": 212837836,
    "yieldAnnual": 0,
    "incomeStatement": [
      {
        "revenue": 484570080,
        "netIncome": -754230,
        "period": "2022A",
        "fPeriodEndDate": 44742,
        "curCode": "AUD"
      },
      {
        "revenue": 71095890,
        "netIncome": 2930250,
        "period": "2021A",
        "fPeriodEndDate": 44377,
        "curCode": "AUD"
      },
      {
        "revenue": 348470,
        "netIncome": -3848350,
        "period": "2020A",
        "fPeriodEndDate": 44012,
        "curCode": "AUD"
      },
      {
        "revenue": 1282520,
        "netIncome": -3608530,
        "period": "2019A",
        "fPeriodEndDate": 43646,
        "curCode": "AUD"
      }
    ]
  },
  {
    "symbol": "LFS",
    "displayName": "LATITUDE GROUP HOLDINGS LIMITED",
    "industry": "Financial Services",
    "dateListed": "2021-04-20",
    "marketCap": 1252256290,
    "xid": "653003044",
    "priceChangeFiveDayPercent": 0.4166666666666763,
    "isRecentListing": false,
    "priceChange": 0,
    "priceChangePercent": 0,
    "priceLast": 1.205,
    "sector": "Financials",
    "industryGroup": "Financial Services",
    "securityType": 1,
    "volume": 0,
    "statusCode": "CD",
    "isin": "AU0000143687",
    "priceClose": 1.205,
    "priceFiftyTwoWeekHigh": 1.86,
    "priceFiftyTwoWeekLow": 1.055,
    "volumeAverage": 145415.295455,
    "dateExDate": "2023-03-21",
    "datePayDate": "2023-04-24",
    "dateRecordDate": "2023-03-22",
    "dividend": 0.04,
    "dividendType": "F",
    "frankingPercent": 100,
    "cashFlow": -476.9,
    "earningsPerShare": 0.05487,
    "freeCashFlowYield": 0.13056432512605987,
    "priceEarningsRatio": 21.961,
    "priceToCash": 7.65906,
    "foreignExempt": false,
    "shareDescription": "Ordinary Fully Paid",
    "numOfShares": 1039216838,
    "yieldAnnual": 0,
    "incomeStatement": [
      {
        "revenue": 927800000,
        "netIncome": 37700000,
        "period": "2022A",
        "fPeriodEndDate": 44926,
        "curCode": "AUD"
      },
      {
        "revenue": 957400000,
        "netIncome": 160900000,
        "period": "2021A",
        "fPeriodEndDate": 44561,
        "curCode": "AUD"
      },
      {
        "revenue": 1130600000,
        "netIncome": 45200000,
        "period": "2020A",
        "fPeriodEndDate": 44196,
        "curCode": "AUD"
      },
      {
        "revenue": 1312819000,
        "netIncome": 28938000,
        "period": "2019A",
        "fPeriodEndDate": 43830,
        "curCode": "AUD"
      }
    ]
  },
  {
    "symbol": "LAW",
    "displayName": "LAWFINANCE LIMITED",
    "industry": "Financial Services",
    "dateListed": "2000-05-12",
    "marketCap": 638677,
    "xid": "664937461",
    "priceChangeFiveDayPercent": -33.333333333333336,
    "isRecentListing": false,
    "priceAsk": 0.01,
    "priceBid": 0.008,
    "priceChange": -0.002,
    "priceChangePercent": -20,
    "priceLast": 0.008,
    "securityType": 1,
    "volume": 323651,
    "statusCode": "",
    "isin": "AU0000036659",
    "priceClose": 0.01,
    "priceDayHigh": 0.01,
    "priceDayLow": 0.008,
    "priceFiftyTwoWeekHigh": 0.37113,
    "priceFiftyTwoWeekLow": 0.008,
    "volumeAverage": 153262.75,
    "cashFlow": -15.94685,
    "earningsPerShare": -0.39396,
    "freeCashFlowYield": -0.0000100000010000001,
    "priceEarningsRatio": -99999.99,
    "priceToCash": -99999.99,
    "foreignExempt": false,
    "shareDescription": "Ordinary Fully Paid",
    "numOfShares": 63867656,
    "yieldAnnual": 0,
    "incomeStatement": [
      {
        "revenue": 8384000,
        "netIncome": -21256000,
        "period": "2021A",
        "fPeriodEndDate": 44561,
        "curCode": "USD"
      },
      {
        "revenue": 10619000,
        "netIncome": -78474000,
        "period": "2020A",
        "fPeriodEndDate": 44196,
        "curCode": "USD"
      },
      {
        "revenue": 7741000,
        "netIncome": -22762000,
        "period": "2019A",
        "fPeriodEndDate": 43830,
        "curCode": "USD"
      },
      {
        "revenue": 2357000,
        "netIncome": -11340000,
        "period": "2018A",
        "fPeriodEndDate": 43465,
        "curCode": "USD"
      }
    ]
  },
  {
    "symbol": "LBY",
    "displayName": "LAYBUY GROUP HOLDINGS LIMITED",
    "industry": "Financial Services",
    "dateListed": "2020-09-07",
    "marketCap": 7725906,
    "xid": "612612348",
    "priceChangeFiveDayPercent": -6.451612903225802,
    "isRecentListing": false,
    "priceAsk": 0.032,
    "priceBid": 0.029,
    "priceChange": -0.0009999999999999974,
    "priceChangePercent": -3.333333333333325,
    "priceLast": 0.029,
    "sector": "Financials",
    "industryGroup": "Financial Services",
    "securityType": 1,
    "volume": 533831,
    "statusCode": "",
    "isin": "NZLBYE0001S0",
    "priceClose": 0.03,
    "priceDayHigh": 0.031,
    "priceDayLow": 0.028,
    "priceFiftyTwoWeekHigh": 0.175,
    "priceFiftyTwoWeekLow": 0.026,
    "volumeAverage": 770921.255556,
    "cashFlow": -29.60454,
    "earningsPerShare": -0.1766,
    "freeCashFlowYield": -0.0000100000010000001,
    "priceEarningsRatio": -99999.99,
    "priceToCash": -99999.99,
    "foreignExempt": false,
    "shareDescription": "Ordinary Fully Paid",
    "numOfShares": 257530194,
    "yieldAnnual": 0,
    "incomeStatement": [
      {
        "revenue": 47103000,
        "netIncome": -51583000,
        "period": "2022A",
        "fPeriodEndDate": 44651,
        "curCode": "NZD"
      },
      {
        "revenue": 32567000,
        "netIncome": -41282000,
        "period": "2021A",
        "fPeriodEndDate": 44286,
        "curCode": "NZD"
      },
      {
        "revenue": 13746900,
        "netIncome": -16136520,
        "period": "2020A",
        "fPeriodEndDate": 43921,
        "curCode": "NZD"
      },
      {
        "revenue": 7155860,
        "netIncome": -3581080,
        "period": "2019A",
        "fPeriodEndDate": 43555,
        "curCode": "NZD"
      }
    ]
  },
  {
    "symbol": "LFG",
    "displayName": "LIBERTY FINANCIAL GROUP",
    "industry": "Financial Services",
    "dateListed": "2020-12-15",
    "marketCap": 1181004000,
    "xid": "631711108",
    "priceChangeFiveDayPercent": -2.0833333333333237,
    "isRecentListing": false,
    "priceAsk": 3.9,
    "priceBid": 3.65,
    "priceChange": -0.1299999999999999,
    "priceChangePercent": -3.3419023136246757,
    "priceLast": 3.7600000000000002,
    "sector": "Financials",
    "industryGroup": "Financial Services",
    "securityType": 6,
    "volume": 165506,
    "statusCode": "",
    "isin": "AU0000121634",
    "priceClose": 3.89,
    "priceDayHigh": 3.93,
    "priceDayLow": 3.65,
    "priceFiftyTwoWeekHigh": 5.4,
    "priceFiftyTwoWeekLow": 3.29,
    "volumeAverage": 70475.880435,
    "dateExDate": "2022-11-29",
    "datePayDate": "2022-12-15",
    "dateRecordDate": "2022-11-30",
    "dividend": 0.21,
    "dividendType": "I",
    "frankingPercent": 0,
    "cashFlow": -248.215,
    "earningsPerShare": 0.65172,
    "freeCashFlowYield": 0.19058945506663008,
    "priceEarningsRatio": 5.96882,
    "priceToCash": 5.24688,
    "foreignExempt": false,
    "shareDescription": "Fully Paid Ordinary/units Stapled Securities",
    "numOfShares": 303600000,
    "yieldAnnual": 0,
    "incomeStatement": [
      {
        "revenue": 869152000,
        "netIncome": 219627000,
        "period": "2022A",
        "fPeriodEndDate": 44742,
        "curCode": "AUD"
      },
      {
        "revenue": 853051000,
        "netIncome": 185918000,
        "period": "2021A",
        "fPeriodEndDate": 44377,
        "curCode": "AUD"
      },
      {
        "revenue": 852313000,
        "netIncome": 134838000,
        "period": "2020A",
        "fPeriodEndDate": 44012,
        "curCode": "AUD"
      },
      {
        "revenue": 810403000,
        "netIncome": 89583000,
        "period": "2019A",
        "fPeriodEndDate": 43646,
        "curCode": "AUD"
      }
    ]
  },
  {
    "symbol": "LCE",
    "displayName": "LONDON CITY EQUITIES LIMITED",
    "industry": "Financial Services",
    "dateListed": "1987-03-06",
    "marketCap": 17074710,
    "xid": "181905",
    "priceChangeFiveDayPercent": 0,
    "isRecentListing": false,
    "priceChange": 0,
    "priceChangePercent": 0,
    "priceLast": 0.55,
    "sector": "Financials",
    "industryGroup": "Financial Services",
    "securityType": 1,
    "volume": 0,
    "statusCode": "",
    "isin": "AU000000LCE8",
    "priceClose": 0.55,
    "priceFiftyTwoWeekHigh": 0.6,
    "priceFiftyTwoWeekLow": 0.5,
    "volumeAverage": 8901.578947,
    "dateExDate": "2022-10-03",
    "datePayDate": "2022-10-14",
    "dateRecordDate": "2022-10-04",
    "dividend": 0.014,
    "dividendType": "F",
    "frankingPercent": 100,
    "cashFlow": 0.05192,
    "earningsPerShare": 0.01194,
    "freeCashFlowYield": -0.0000100000010000001,
    "priceEarningsRatio": 46.06365,
    "priceToCash": -99999.99,
    "foreignExempt": false,
    "shareDescription": "Ordinary Fully Paid",
    "numOfShares": 31044928,
    "yieldAnnual": 2.5454545454545454,
    "incomeStatement": [
      {
        "revenue": 2413380,
        "netIncome": 1812350,
        "period": "2022A",
        "fPeriodEndDate": 44742,
        "curCode": "AUD"
      },
      {
        "revenue": 558890,
        "netIncome": -29170,
        "period": "2021A",
        "fPeriodEndDate": 44377,
        "curCode": "AUD"
      },
      {
        "revenue": 513450,
        "netIncome": 48030,
        "period": "2020A",
        "fPeriodEndDate": 44012,
        "curCode": "AUD"
      },
      {
        "revenue": 469880,
        "netIncome": -10100,
        "period": "2019A",
        "fPeriodEndDate": 43646,
        "curCode": "AUD"
      }
    ]
  },
  {
    "symbol": "MAF",
    "displayName": "MA FINANCIAL GROUP LIMITED",
    "industry": "Financial Services",
    "dateListed": "2017-04-10",
    "marketCap": 717803125,
    "xid": "403811203",
    "priceChangeFiveDayPercent": -11.494252873563209,
    "isRecentListing": false,
    "priceAsk": 4.04,
    "priceBid": 3.8000000000000003,
    "priceChange": -0.24999999999999956,
    "priceChangePercent": -6.097560975609746,
    "priceLast": 3.85,
    "sector": "Financials",
    "industryGroup": "Financial Services",
    "securityType": 1,
    "volume": 376926,
    "statusCode": "XD",
    "isin": "AU0000156218",
    "priceClose": 4.1,
    "priceDayHigh": 4.07,
    "priceDayLow": 3.81,
    "priceFiftyTwoWeekHigh": 8.15,
    "priceFiftyTwoWeekLow": 3.65,
    "volumeAverage": 276336.217391,
    "dateExDate": "2023-02-28",
    "datePayDate": "2023-03-22",
    "dateRecordDate": "2023-03-01",
    "dividend": 0.14,
    "dividendType": "F",
    "frankingPercent": 100,
    "cashFlow": -327.582,
    "earningsPerShare": 0.26941,
    "freeCashFlowYield": 0.08650840818473353,
    "priceEarningsRatio": 15.21844,
    "priceToCash": 11.55957,
    "foreignExempt": false,
    "shareDescription": "Ordinary Fully Paid",
    "numOfShares": 175073933,
    "yieldAnnual": 0,
    "incomeStatement": [
      {
        "revenue": 767288000,
        "netIncome": 44855000,
        "period": "2022A",
        "fPeriodEndDate": 44926,
        "curCode": "AUD"
      },
      {
        "revenue": 236099000,
        "netIncome": 32041000,
        "period": "2021A",
        "fPeriodEndDate": 44561,
        "curCode": "AUD"
      },
      {
        "revenue": 175381000,
        "netIncome": 26480000,
        "period": "2020A",
        "fPeriodEndDate": 44196,
        "curCode": "AUD"
      },
      {
        "revenue": 161774000,
        "netIncome": 23494000,
        "period": "2019A",
        "fPeriodEndDate": 43830,
        "curCode": "AUD"
      }
    ]
  },
  {
    "symbol": "MQG",
    "displayName": "MACQUARIE GROUP LIMITED",
    "industry": "Financial Services",
    "dateListed": "2007-11-05",
    "marketCap": 67938748586,
    "xid": "197202",
    "priceChangeFiveDayPercent": -7.8789875363751145,
    "isRecentListing": false,
    "priceAsk": 168.5,
    "priceBid": 167.78,
    "priceChange": -8.009999999999991,
    "priceChangePercent": -4.556573183912618,
    "priceLast": 167.78,
    "sector": "Financials",
    "industryGroup": "Financial Services",
    "securityType": 1,
    "volume": 1212093,
    "statusCode": "",
    "isin": "AU000000MQG1",
    "priceClose": 175.79,
    "priceDayHigh": 173.97,
    "priceDayLow": 167.21,
    "priceFiftyTwoWeekHigh": 211.46,
    "priceFiftyTwoWeekLow": 149.51,
    "volumeAverage": 772323.391304,
    "dateExDate": "2022-11-07",
    "datePayDate": "2022-12-13",
    "dateRecordDate": "2022-11-08",
    "dividend": 3,
    "dividendType": "I",
    "frankingPercent": 40,
    "cashFlow": 38030,
    "earningsPerShare": 12.67784,
    "freeCashFlowYield": 0.08592541673827118,
    "priceEarningsRatio": 13.86593,
    "priceToCash": 11.638,
    "foreignExempt": false,
    "shareDescription": "Ordinary Fully Paid",
    "numOfShares": 386476754,
    "yieldAnnual": 3.874120872571224,
    "incomeStatement": [
      {
        "revenue": 18286000000,
        "netIncome": 4706000000,
        "period": "2022A",
        "fPeriodEndDate": 44651,
        "curCode": "AUD"
      },
      {
        "revenue": 14097000000,
        "netIncome": 3015000000,
        "period": "2021A",
        "fPeriodEndDate": 44286,
        "curCode": "AUD"
      },
      {
        "revenue": 14439000000,
        "netIncome": 2731000000,
        "period": "2020A",
        "fPeriodEndDate": 43921,
        "curCode": "AUD"
      },
      {
        "revenue": 14735000000,
        "netIncome": 2982000000,
        "period": "2019A",
        "fPeriodEndDate": 43555,
        "curCode": "AUD"
      }
    ]
  },
  {
    "symbol": "MFG",
    "displayName": "MAGELLAN FINANCIAL GROUP LIMITED",
    "industry": "Financial Services",
    "dateListed": "2004-07-01",
    "marketCap": 1461154558,
    "xid": "228587",
    "priceChangeFiveDayPercent": -9.047619047619044,
    "isRecentListing": false,
    "priceAsk": 7.67,
    "priceBid": 7.59,
    "priceChange": -0.41000000000000014,
    "priceChangePercent": -5.093167701863355,
    "priceLast": 7.640000000000001,
    "sector": "Financials",
    "industryGroup": "Financial Services",
    "securityType": 1,
    "volume": 1633144,
    "statusCode": "",
    "isin": "AU000000MFG4",
    "priceClose": 8.05,
    "priceDayHigh": 7.890000000000001,
    "priceDayLow": 7.57,
    "priceFiftyTwoWeekHigh": 18,
    "priceFiftyTwoWeekLow": 7.57,
    "volumeAverage": 1285097.097826,
    "dateExDate": "2023-02-21",
    "datePayDate": "2023-03-08",
    "dateRecordDate": "2023-02-22",
    "dividend": 0.469,
    "dividendType": "I",
    "frankingPercent": 85,
    "cashFlow": -43.491,
    "earningsPerShare": 1.1637,
    "freeCashFlowYield": 0.1521488746308488,
    "priceEarningsRatio": 6.91759,
    "priceToCash": 6.57251,
    "foreignExempt": false,
    "shareDescription": "Ordinary Fully Paid",
    "numOfShares": 181509883,
    "yieldAnnual": 15.157068062827225,
    "incomeStatement": [
      {
        "revenue": 550080000,
        "netIncome": 383011000,
        "period": "2022A",
        "fPeriodEndDate": 44742,
        "curCode": "AUD"
      },
      {
        "revenue": 719858000,
        "netIncome": 265156000,
        "period": "2021A",
        "fPeriodEndDate": 44377,
        "curCode": "AUD"
      },
      {
        "revenue": 694762000,
        "netIncome": 396214000,
        "period": "2020A",
        "fPeriodEndDate": 44012,
        "curCode": "AUD"
      },
      {
        "revenue": 615578000,
        "netIncome": 376947000,
        "period": "2019A",
        "fPeriodEndDate": 43646,
        "curCode": "AUD"
      }
    ]
  },
  {
    "symbol": "MCX",
    "displayName": "MARINER CORPORATION LIMITED",
    "industry": "Financial Services",
    "dateListed": "1986-06-20",
    "marketCap": -1,
    "xid": "199804",
    "priceChangeFiveDayPercent": 0,
    "isRecentListing": false,
    "priceChange": 0,
    "priceChangePercent": 0,
    "priceLast": 0.031,
    "sector": "Financials",
    "industryGroup": "Financial Services",
    "securityType": 1,
    "volume": 0,
    "statusCode": "",
    "isin": "AU000000MCX6",
    "priceClose": 0.031,
    "priceFiftyTwoWeekHigh": 0.031,
    "priceFiftyTwoWeekLow": 0.031,
    "dateExDate": "2012-09-10",
    "datePayDate": "2012-10-19",
    "dateRecordDate": "2012-09-14",
    "dividend": 0.01,
    "dividendType": "F",
    "frankingPercent": 0,
    "cashFlow": -0.42929,
    "earningsPerShare": -0.02444,
    "freeCashFlowYield": -0.0000100000010000001,
    "priceEarningsRatio": -99999.99,
    "priceToCash": -99999.99,
    "foreignExempt": false,
    "shareDescription": "Ordinary Fully Paid",
    "numOfShares": 48053222,
    "yieldAnnual": 0,
    "incomeStatement": [
      {
        "revenue": 84220,
        "netIncome": -598150,
        "period": "2022A",
        "fPeriodEndDate": 44742,
        "curCode": "AUD"
      },
      {
        "revenue": 85700,
        "netIncome": -595750,
        "period": "2021A",
        "fPeriodEndDate": 44377,
        "curCode": "AUD"
      },
      {
        "revenue": 0,
        "netIncome": -429600,
        "period": "2020A",
        "fPeriodEndDate": 44012,
        "curCode": "AUD"
      },
      {
        "revenue": 400000,
        "netIncome": -17570,
        "period": "2019A",
        "fPeriodEndDate": 43646,
        "curCode": "AUD"
      }
    ]
  },
  {
    "symbol": "MAM",
    "displayName": "MICROEQUITIES ASSET MANAGEMENT GROUP LIMITED",
    "industry": "Financial Services",
    "dateListed": "2018-04-30",
    "marketCap": 77255307,
    "xid": "460885903",
    "priceChangeFiveDayPercent": -7.936507936507944,
    "isRecentListing": false,
    "priceAsk": 0.625,
    "priceBid": 0.595,
    "priceChange": 0,
    "priceChangePercent": 0,
    "priceLast": 0.58,
    "sector": "Financials",
    "industryGroup": "Financial Services",
    "securityType": 1,
    "volume": 0,
    "statusCode": "",
    "isin": "AU0000004517",
    "priceClose": 0.58,
    "priceFiftyTwoWeekHigh": 0.8375,
    "priceFiftyTwoWeekLow": 0.53,
    "volumeAverage": 21007.454545,
    "dateExDate": "2023-02-15",
    "datePayDate": "2023-03-06",
    "dateRecordDate": "2023-02-16",
    "dividend": 0.018,
    "dividendType": "I",
    "frankingPercent": 100,
    "cashFlow": -7.17752,
    "earningsPerShare": 0.02787,
    "freeCashFlowYield": 0.05376664951510547,
    "priceEarningsRatio": 20.81091,
    "priceToCash": 18.59889,
    "foreignExempt": false,
    "shareDescription": "Ordinary Fully Paid",
    "numOfShares": 133198805,
    "yieldAnnual": 0,
    "incomeStatement": [
      {
        "revenue": 23049230,
        "netIncome": 14114210,
        "period": "2022A",
        "fPeriodEndDate": 44742,
        "curCode": "AUD"
      },
      {
        "revenue": 22804480,
        "netIncome": 14012710,
        "period": "2021A",
        "fPeriodEndDate": 44377,
        "curCode": "AUD"
      },
      {
        "revenue": 7683930,
        "netIncome": 3344100,
        "period": "2020A",
        "fPeriodEndDate": 44012,
        "curCode": "AUD"
      },
      {
        "revenue": 7468250,
        "netIncome": 2532960,
        "period": "2019A",
        "fPeriodEndDate": 43646,
        "curCode": "AUD"
      }
    ]
  },
  {
    "symbol": "MME",
    "displayName": "MONEYME LIMITED",
    "industry": "Financial Services",
    "dateListed": "2019-12-12",
    "marketCap": 32573431,
    "xid": "566242155",
    "priceChangeFiveDayPercent": -32.25806451612903,
    "isRecentListing": false,
    "priceAsk": 0.13,
    "priceBid": 0.105,
    "priceChange": -0.010000000000000009,
    "priceChangePercent": -8.69565217391305,
    "priceLast": 0.105,
    "sector": "Financials",
    "industryGroup": "Financial Services",
    "securityType": 1,
    "volume": 1272737,
    "statusCode": "",
    "isin": "AU0000066045",
    "priceClose": 0.115,
    "priceDayHigh": 0.12,
    "priceDayLow": 0.105,
    "priceFiftyTwoWeekHigh": 1.64,
    "priceFiftyTwoWeekLow": 0.105,
    "volumeAverage": 385909.593407,
    "cashFlow": 111.596,
    "earningsPerShare": -0.11644,
    "freeCashFlowYield": -0.0000100000010000001,
    "priceEarningsRatio": -99999.99,
    "priceToCash": -99999.99,
    "foreignExempt": false,
    "shareDescription": "Ordinary Fully Paid",
    "numOfShares": 283247226,
    "yieldAnnual": 0,
    "incomeStatement": [
      {
        "revenue": 143073000,
        "netIncome": -50364000,
        "period": "2022A",
        "fPeriodEndDate": 44742,
        "curCode": "AUD"
      },
      {
        "revenue": 57574000,
        "netIncome": -7929000,
        "period": "2021A",
        "fPeriodEndDate": 44377,
        "curCode": "AUD"
      },
      {
        "revenue": 47671000,
        "netIncome": 1299000,
        "period": "2020A",
        "fPeriodEndDate": 44012,
        "curCode": "AUD"
      },
      {
        "revenue": 31894000,
        "netIncome": 324000,
        "period": "2019A",
        "fPeriodEndDate": 43646,
        "curCode": "AUD"
      }
    ]
  },
  {
    "symbol": "MEC",
    "displayName": "MORPHIC ETHICAL EQUITIES FUND LIMITED",
    "industry": "Financial Services",
    "dateListed": "2017-05-03",
    "marketCap": 50779995,
    "xid": "408056701",
    "priceChangeFiveDayPercent": -0.537634408602151,
    "isRecentListing": false,
    "priceAsk": 0.9500000000000001,
    "priceBid": 0.925,
    "priceChange": -0.025000000000000022,
    "priceChangePercent": -2.631578947368423,
    "priceLast": 0.925,
    "sector": "Financials",
    "industryGroup": "Financial Services",
    "securityType": 1,
    "volume": 850,
    "statusCode": "XD",
    "isin": "AU000000MEC6",
    "priceClose": 0.9500000000000001,
    "priceDayHigh": 0.925,
    "priceDayLow": 0.925,
    "priceFiftyTwoWeekHigh": 1.18,
    "priceFiftyTwoWeekLow": 0.82,
    "volumeAverage": 26930.017857,
    "dateExDate": "2023-03-06",
    "datePayDate": "2023-03-24",
    "dateRecordDate": "2023-03-07",
    "dividend": 0.015,
    "dividendType": "I",
    "frankingPercent": 100,
    "cashFlow": -99999.99,
    "earningsPerShare": -99999.99,
    "freeCashFlowYield": -0.0000100000010000001,
    "priceEarningsRatio": -99999.99,
    "priceToCash": -99999.99,
    "foreignExempt": false,
    "shareDescription": "Ordinary Fully Paid",
    "numOfShares": 53452626,
    "yieldAnnual": 0,
    "incomeStatement": [
      {
        "revenue": -15226440,
        "netIncome": -11321640,
        "period": "2022A",
        "fPeriodEndDate": 44742,
        "curCode": "AUD"
      },
      {
        "revenue": 21832110,
        "netIncome": 13937960,
        "period": "2021A",
        "fPeriodEndDate": 44469,
        "curCode": "AUD"
      },
      {
        "revenue": 6487140,
        "netIncome": 2432850,
        "period": "2020A",
        "fPeriodEndDate": 44104,
        "curCode": "AUD"
      },
      {
        "revenue": 4765140,
        "netIncome": 1407790,
        "period": "2019A",
        "fPeriodEndDate": 43738,
        "curCode": "AUD"
      }
    ]
  },
  {
    "symbol": "MPR",
    "displayName": "MPOWER GROUP LIMITED",
    "industry": "Financial Services",
    "dateListed": "1974-01-01",
    "marketCap": 4992956,
    "xid": "264877",
    "priceChangeFiveDayPercent": 11.111111111111121,
    "isRecentListing": false,
    "priceAsk": 0.022,
    "priceBid": 0.02,
    "priceChange": 0.002999999999999999,
    "priceChangePercent": 17.647058823529406,
    "priceLast": 0.02,
    "sector": "Financials",
    "industryGroup": "Financial Services",
    "securityType": 1,
    "volume": 81236,
    "statusCode": "",
    "isin": "AU0000038341",
    "priceClose": 0.017,
    "priceDayHigh": 0.02,
    "priceDayLow": 0.018000000000000002,
    "priceFiftyTwoWeekHigh": 0.038,
    "priceFiftyTwoWeekLow": 0.016,
    "volumeAverage": 222076.319444,
    "dateExDate": "2012-09-20",
    "datePayDate": "2012-10-04",
    "dateRecordDate": "2012-09-26",
    "dividend": 0.05,
    "dividendType": "F",
    "frankingPercent": 100,
    "cashFlow": -2.497,
    "earningsPerShare": -0.01604,
    "freeCashFlowYield": -0.0000100000010000001,
    "priceEarningsRatio": -99999.99,
    "priceToCash": -99999.99,
    "foreignExempt": false,
    "shareDescription": "Ordinary Fully Paid",
    "numOfShares": 293703279,
    "yieldAnnual": 0,
    "incomeStatement": [
      {
        "revenue": 3708000,
        "netIncome": -3536000,
        "period": "2022A",
        "fPeriodEndDate": 44742,
        "curCode": "AUD"
      },
      {
        "revenue": 11037000,
        "netIncome": -2065000,
        "period": "2021A",
        "fPeriodEndDate": 44377,
        "curCode": "AUD"
      },
      {
        "revenue": 10930000,
        "netIncome": -4213000,
        "period": "2020A",
        "fPeriodEndDate": 44012,
        "curCode": "AUD"
      },
      {
        "revenue": 21583000,
        "netIncome": -6163000,
        "period": "2019A",
        "fPeriodEndDate": 43646,
        "curCode": "AUD"
      }
    ]
  },
  {
    "symbol": "N1H",
    "displayName": "N1 HOLDINGS LIMITED",
    "industry": "Financial Services",
    "dateListed": "2016-03-18",
    "marketCap": 15850003,
    "xid": "337658161",
    "priceChangeFiveDayPercent": 0,
    "isRecentListing": false,
    "priceAsk": 0.18,
    "priceBid": 0.165,
    "priceChange": 0,
    "priceChangePercent": 0,
    "priceLast": 0.18,
    "sector": "Financials",
    "industryGroup": "Financial Services",
    "securityType": 1,
    "volume": 0,
    "statusCode": "",
    "isin": "AU000000N1H7",
    "priceClose": 0.18,
    "priceFiftyTwoWeekHigh": 0.265,
    "priceFiftyTwoWeekLow": 0.16,
    "volumeAverage": 12575.038462,
    "dateExDate": "2022-10-06",
    "datePayDate": "2022-10-28",
    "dateRecordDate": "2022-10-07",
    "dividend": 0.0023,
    "dividendType": "F",
    "frankingPercent": 0,
    "cashFlow": 5.57631,
    "earningsPerShare": 0.01044,
    "freeCashFlowYield": 0.08223339317183244,
    "priceEarningsRatio": 17.24138,
    "priceToCash": 12.16051,
    "foreignExempt": false,
    "shareDescription": "Ordinary Fully Paid",
    "numOfShares": 88055573,
    "yieldAnnual": 1.2777777777777777,
    "incomeStatement": [
      {
        "revenue": 11018750,
        "netIncome": 1102370,
        "period": "2022A",
        "fPeriodEndDate": 44742,
        "curCode": "AUD"
      },
      {
        "revenue": 5391870,
        "netIncome": 139570,
        "period": "2021A",
        "fPeriodEndDate": 44377,
        "curCode": "AUD"
      },
      {
        "revenue": 4153350,
        "netIncome": -1816690,
        "period": "2020A",
        "fPeriodEndDate": 44012,
        "curCode": "AUD"
      },
      {
        "revenue": 4092950,
        "netIncome": -2571340,
        "period": "2019A",
        "fPeriodEndDate": 43646,
        "curCode": "AUD"
      }
    ]
  },
  {
    "symbol": "NGI",
    "displayName": "NAVIGATOR GLOBAL INVESTMENTS LIMITED",
    "industry": "Financial Services",
    "dateListed": "2006-04-28",
    "marketCap": 236870471,
    "xid": "4574062",
    "priceChangeFiveDayPercent": -6.542056074766361,
    "isRecentListing": false,
    "priceAsk": 1.06,
    "priceBid": 0.995,
    "priceChange": -0.0050000000000001155,
    "priceChangePercent": -0.4975124378109567,
    "priceLast": 1,
    "sector": "Financials",
    "industryGroup": "Financial Services",
    "securityType": 1,
    "volume": 2118134,
    "statusCode": "",
    "isin": "AU000000NGI6",
    "priceClose": 1.0050000000000001,
    "priceDayHigh": 1.03,
    "priceDayLow": 0.995,
    "priceFiftyTwoWeekHigh": 1.9,
    "priceFiftyTwoWeekLow": 0.995,
    "volumeAverage": 231301.51087,
    "dateExDate": "2022-08-31",
    "datePayDate": "2022-09-16",
    "dateRecordDate": "2022-09-01",
    "dividend": 0.0439,
    "dividendType": "F",
    "frankingPercent": 0,
    "cashFlow": 30.41638,
    "earningsPerShare": 0.24336,
    "freeCashFlowYield": 0.317733669283733,
    "priceEarningsRatio": 4.12972,
    "priceToCash": 3.14729,
    "foreignExempt": false,
    "shareDescription": "Ordinary Fully Paid",
    "numOfShares": 235692011,
    "yieldAnnual": 12.03,
    "incomeStatement": [
      {
        "revenue": 129372000,
        "netIncome": 38701000,
        "period": "2022A",
        "fPeriodEndDate": 44742,
        "curCode": "USD"
      },
      {
        "revenue": 107958000,
        "netIncome": 26755000,
        "period": "2021A",
        "fPeriodEndDate": 44377,
        "curCode": "USD"
      },
      {
        "revenue": 101509000,
        "netIncome": 18148000,
        "period": "2020A",
        "fPeriodEndDate": 44012,
        "curCode": "USD"
      },
      {
        "revenue": 114867000,
        "netIncome": 26843000,
        "period": "2019A",
        "fPeriodEndDate": 43646,
        "curCode": "USD"
      }
    ]
  },
  {
    "symbol": "NWL",
    "displayName": "NETWEALTH GROUP LIMITED",
    "industry": "Financial Services",
    "dateListed": "2017-11-20",
    "marketCap": 3226679160,
    "xid": "440540239",
    "priceChangeFiveDayPercent": -3.86043058648849,
    "isRecentListing": false,
    "priceAsk": 13.5,
    "priceBid": 12.700000000000001,
    "priceChange": -0.27999999999999936,
    "priceChangePercent": -2.1164021164021114,
    "priceLast": 12.950000000000001,
    "sector": "Financials",
    "industryGroup": "Financial Services",
    "securityType": 1,
    "volume": 181850,
    "statusCode": "XD",
    "isin": "AU000000NWL7",
    "priceClose": 13.23,
    "priceDayHigh": 13.05,
    "priceDayLow": 12.85,
    "priceFiftyTwoWeekHigh": 15.12,
    "priceFiftyTwoWeekLow": 10.35,
    "volumeAverage": 313230.565217,
    "dateExDate": "2023-02-22",
    "datePayDate": "2023-03-24",
    "dateRecordDate": "2023-02-23",
    "dividend": 0.11,
    "dividendType": "I",
    "frankingPercent": 100,
    "cashFlow": 13.841,
    "earningsPerShare": 0.24286,
    "freeCashFlowYield": 0.019700749554418296,
    "priceEarningsRatio": 54.47583,
    "priceToCash": 50.75949,
    "foreignExempt": false,
    "shareDescription": "Ordinary Fully Paid",
    "numOfShares": 243891093,
    "yieldAnnual": 0,
    "incomeStatement": [
      {
        "revenue": 169538000,
        "netIncome": 55552000,
        "period": "2022A",
        "fPeriodEndDate": 44742,
        "curCode": "AUD"
      },
      {
        "revenue": 141982000,
        "netIncome": 54103000,
        "period": "2021A",
        "fPeriodEndDate": 44377,
        "curCode": "AUD"
      },
      {
        "revenue": 121345000,
        "netIncome": 43661000,
        "period": "2020A",
        "fPeriodEndDate": 44012,
        "curCode": "AUD"
      },
      {
        "revenue": 96369000,
        "netIncome": 34295000,
        "period": "2019A",
        "fPeriodEndDate": 43646,
        "curCode": "AUD"
      }
    ]
  },
  {
    "symbol": "NSX",
    "displayName": "NSX LIMITED",
    "industry": "Financial Services",
    "dateListed": "2005-01-13",
    "marketCap": 18814767,
    "xid": "217593",
    "priceChangeFiveDayPercent": -12.962962962962962,
    "isRecentListing": false,
    "priceAsk": 0.05,
    "priceBid": 0.044,
    "priceChange": 0,
    "priceChangePercent": 0,
    "priceLast": 0.047,
    "sector": "Financials",
    "industryGroup": "Financial Services",
    "securityType": 1,
    "volume": 0,
    "statusCode": "",
    "isin": "AU000000NSX0",
    "priceClose": 0.047,
    "priceFiftyTwoWeekHigh": 0.08,
    "priceFiftyTwoWeekLow": 0.02184,
    "volumeAverage": 169130.96875,
    "cashFlow": -2.16602,
    "earningsPerShare": -0.02072,
    "freeCashFlowYield": -0.0000100000010000001,
    "priceEarningsRatio": -99999.99,
    "priceToCash": -99999.99,
    "foreignExempt": false,
    "shareDescription": "Ordinary Fully Paid",
    "numOfShares": 400314198,
    "yieldAnnual": 0,
    "incomeStatement": [
      {
        "revenue": 1867670,
        "netIncome": -6360710,
        "period": "2022A",
        "fPeriodEndDate": 44742,
        "curCode": "AUD"
      },
      {
        "revenue": 1879520,
        "netIncome": -3000740,
        "period": "2021A",
        "fPeriodEndDate": 44377,
        "curCode": "AUD"
      },
      {
        "revenue": 1757700,
        "netIncome": -4465240,
        "period": "2020A",
        "fPeriodEndDate": 44012,
        "curCode": "AUD"
      },
      {
        "revenue": 2333380,
        "netIncome": -3475730,
        "period": "2019A",
        "fPeriodEndDate": 43646,
        "curCode": "AUD"
      }
    ]
  },
  {
    "symbol": "OFX",
    "displayName": "OFX GROUP LIMITED",
    "industry": "Financial Services",
    "dateListed": "2013-10-11",
    "marketCap": 484322293,
    "xid": "68337442",
    "priceChangeFiveDayPercent": 2.7777777777777803,
    "isRecentListing": false,
    "priceAsk": 1.955,
    "priceBid": 1.825,
    "priceChange": -0.10499999999999998,
    "priceChangePercent": -5.37084398976982,
    "priceLast": 1.85,
    "sector": "Financials",
    "industryGroup": "Financial Services",
    "securityType": 1,
    "volume": 480404,
    "statusCode": "",
    "isin": "AU000000OFX5",
    "priceClose": 1.955,
    "priceDayHigh": 1.875,
    "priceDayLow": 1.81,
    "priceFiftyTwoWeekHigh": 2.91,
    "priceFiftyTwoWeekLow": 1.77,
    "volumeAverage": 438382.445652,
    "dateExDate": "2020-11-25",
    "datePayDate": "2020-12-11",
    "dateRecordDate": "2020-11-26",
    "dividend": 0.0081,
    "dividendType": "I",
    "frankingPercent": 0,
    "cashFlow": -42.575,
    "earningsPerShare": 0.11212,
    "freeCashFlowYield": 0.08075183185530564,
    "priceEarningsRatio": 17.43667,
    "priceToCash": 12.38362,
    "foreignExempt": false,
    "shareDescription": "Ordinary Fully Paid",
    "numOfShares": 247735188,
    "yieldAnnual": 0,
    "incomeStatement": [
      {
        "revenue": 158418000,
        "netIncome": 24458000,
        "period": "2022A",
        "fPeriodEndDate": 44651,
        "curCode": "AUD"
      },
      {
        "revenue": 134692000,
        "netIncome": 12085000,
        "period": "2021A",
        "fPeriodEndDate": 44286,
        "curCode": "AUD"
      },
      {
        "revenue": 138341000,
        "netIncome": 20331000,
        "period": "2020A",
        "fPeriodEndDate": 43921,
        "curCode": "AUD"
      },
      {
        "revenue": 130230000,
        "netIncome": 17083000,
        "period": "2019A",
        "fPeriodEndDate": 43555,
        "curCode": "AUD"
      }
    ]
  },
  {
    "symbol": "OBL",
    "displayName": "OMNI BRIDGEWAY LIMITED",
    "industry": "Financial Services",
    "dateListed": "2000-01-28",
    "marketCap": 660880366,
    "xid": "165855",
    "priceChangeFiveDayPercent": -12.21374045801526,
    "isRecentListing": false,
    "priceAsk": 2.35,
    "priceBid": 2.3000000000000003,
    "priceChange": -0.06999999999999984,
    "priceChangePercent": -2.9535864978902886,
    "priceLast": 2.3000000000000003,
    "sector": "Financials",
    "industryGroup": "Financial Services",
    "securityType": 1,
    "volume": 476537,
    "statusCode": "",
    "isin": "AU0000082489",
    "priceClose": 2.37,
    "priceDayHigh": 2.37,
    "priceDayLow": 2.23,
    "priceFiftyTwoWeekHigh": 4.93,
    "priceFiftyTwoWeekLow": 2.23,
    "volumeAverage": 429355.241758,
    "dateExDate": "2020-09-01",
    "datePayDate": "2020-09-25",
    "dateRecordDate": "2020-09-02",
    "dividend": 0.04,
    "dividendType": "F",
    "frankingPercent": 100,
    "cashFlow": -107.37,
    "earningsPerShare": -0.22455,
    "freeCashFlowYield": -0.0000100000010000001,
    "priceEarningsRatio": -99999.99,
    "priceToCash": -99999.99,
    "foreignExempt": false,
    "shareDescription": "Ordinary Fully Paid Us Prohibited",
    "numOfShares": 278852475,
    "yieldAnnual": 0,
    "incomeStatement": [
      {
        "revenue": 30235000,
        "netIncome": -45645000,
        "period": "2022A",
        "fPeriodEndDate": 44742,
        "curCode": "AUD"
      },
      {
        "revenue": 15938000,
        "netIncome": -25451000,
        "period": "2021A",
        "fPeriodEndDate": 44377,
        "curCode": "AUD"
      },
      {
        "revenue": 26707000,
        "netIncome": -11542000,
        "period": "2020A",
        "fPeriodEndDate": 44012,
        "curCode": "AUD"
      },
      {
        "revenue": 4295000,
        "netIncome": -36098000,
        "period": "2019A",
        "fPeriodEndDate": 43646,
        "curCode": "AUD"
      }
    ]
  },
  {
    "symbol": "OPY",
    "displayName": "OPENPAY GROUP LTD",
    "industry": "Financial Services",
    "dateListed": "2019-12-16",
    "marketCap": -1,
    "xid": "566632161",
    "priceChangeFiveDayPercent": 0,
    "isRecentListing": false,
    "priceChange": 0,
    "priceChangePercent": 0,
    "priceLast": 0.195,
    "sector": "Financials",
    "industryGroup": "Financial Services",
    "securityType": 1,
    "volume": 0,
    "statusCode": "",
    "isin": "AU0000067647",
    "priceClose": 0.195,
    "priceFiftyTwoWeekHigh": 0.55,
    "priceFiftyTwoWeekLow": 0.12,
    "volumeAverage": 199404.775862,
    "cashFlow": -77.93083,
    "earningsPerShare": -0.61741,
    "freeCashFlowYield": -0.0000100000010000001,
    "priceEarningsRatio": -99999.99,
    "priceToCash": -99999.99,
    "foreignExempt": false,
    "shareDescription": "Ordinary Fully Paid",
    "numOfShares": 232840272,
    "yieldAnnual": 0,
    "incomeStatement": [
      {
        "revenue": 31951210,
        "netIncome": -82455820,
        "period": "2022A",
        "fPeriodEndDate": 44742,
        "curCode": "AUD"
      },
      {
        "revenue": 26031530,
        "netIncome": -63059350,
        "period": "2021A",
        "fPeriodEndDate": 44377,
        "curCode": "AUD"
      },
      {
        "revenue": 18004740,
        "netIncome": -35401260,
        "period": "2020A",
        "fPeriodEndDate": 44012,
        "curCode": "AUD"
      },
      {
        "revenue": 10992810,
        "netIncome": -14682170,
        "period": "2019A",
        "fPeriodEndDate": 43646,
        "curCode": "AUD"
      }
    ]
  },
  {
    "symbol": "OEQ",
    "displayName": "ORION EQUITIES LIMITED",
    "industry": "Financial Services",
    "dateListed": "1970-11-19",
    "marketCap": 1721415,
    "xid": "84538",
    "priceChangeFiveDayPercent": 0,
    "isRecentListing": false,
    "priceAsk": 0.15,
    "priceBid": 0.11,
    "priceChange": 0,
    "priceChangePercent": 0,
    "priceLast": 0.11,
    "sector": "Financials",
    "industryGroup": "Financial Services",
    "securityType": 1,
    "volume": 0,
    "statusCode": "",
    "isin": "AU000000OEQ2",
    "priceClose": 0.11,
    "priceFiftyTwoWeekHigh": 0.375,
    "priceFiftyTwoWeekLow": 0.11,
    "volumeAverage": 17482,
    "dateExDate": "2017-09-21",
    "datePayDate": "2017-09-29",
    "dateRecordDate": "2017-09-22",
    "dividend": 0.009,
    "dividendType": "I",
    "frankingPercent": 100,
    "cashFlow": 0.08844,
    "earningsPerShare": -0.03524,
    "freeCashFlowYield": -0.0000100000010000001,
    "priceEarningsRatio": -99999.99,
    "priceToCash": -99999.99,
    "foreignExempt": false,
    "shareDescription": "Ordinary Fully Paid",
    "numOfShares": 15649228,
    "yieldAnnual": 0,
    "incomeStatement": [
      {
        "revenue": 45370,
        "netIncome": -3936780,
        "period": "2022A",
        "fPeriodEndDate": 44742,
        "curCode": "AUD"
      },
      {
        "revenue": 5133700,
        "netIncome": 5280480,
        "period": "2021A",
        "fPeriodEndDate": 44377,
        "curCode": "AUD"
      },
      {
        "revenue": 65620,
        "netIncome": -790140,
        "period": "2020A",
        "fPeriodEndDate": 44012,
        "curCode": "AUD"
      },
      {
        "revenue": 48970,
        "netIncome": -1279350,
        "period": "2019A",
        "fPeriodEndDate": 43646,
        "curCode": "AUD"
      }
    ]
  },
  {
    "symbol": "PAC",
    "displayName": "PACIFIC CURRENT GROUP LIMITED",
    "industry": "Financial Services",
    "dateListed": "1987-09-25",
    "marketCap": 364496016,
    "xid": "271859",
    "priceChangeFiveDayPercent": -2.0437956204379515,
    "isRecentListing": false,
    "priceAsk": 6.95,
    "priceBid": 6.7,
    "priceChange": -0.39000000000000057,
    "priceChangePercent": -5.492957746478881,
    "priceLast": 6.71,
    "sector": "Financials",
    "industryGroup": "Financial Services",
    "securityType": 1,
    "volume": 3231,
    "statusCode": "XD",
    "isin": "AU000000PAC7",
    "priceClose": 7.1000000000000005,
    "priceDayHigh": 7.09,
    "priceDayLow": 6.71,
    "priceFiftyTwoWeekHigh": 9.54,
    "priceFiftyTwoWeekLow": 6.27,
    "volumeAverage": 33487.67033,
    "dateExDate": "2023-03-08",
    "datePayDate": "2023-04-13",
    "dateRecordDate": "2023-03-09",
    "dividend": 0.15,
    "dividendType": "I",
    "frankingPercent": 100,
    "cashFlow": -1.84,
    "earningsPerShare": -0.56241,
    "freeCashFlowYield": -0.0000100000010000001,
    "priceEarningsRatio": -99999.99,
    "priceToCash": -99999.99,
    "foreignExempt": false,
    "shareDescription": "Ordinary Fully Paid",
    "numOfShares": 51337467,
    "yieldAnnual": 5.663189269746646,
    "incomeStatement": [
      {
        "revenue": 44202000,
        "netIncome": -35270000,
        "period": "2022A",
        "fPeriodEndDate": 44742,
        "curCode": "AUD"
      },
      {
        "revenue": 47046000,
        "netIncome": 17413000,
        "period": "2021A",
        "fPeriodEndDate": 44377,
        "curCode": "AUD"
      },
      {
        "revenue": 61594000,
        "netIncome": -17509000,
        "period": "2020A",
        "fPeriodEndDate": 44012,
        "curCode": "AUD"
      },
      {
        "revenue": 62635000,
        "netIncome": 37612000,
        "period": "2019A",
        "fPeriodEndDate": 43646,
        "curCode": "AUD"
      }
    ]
  },
  {
    "symbol": "PYR",
    "displayName": "PAYRIGHT LIMITED",
    "industry": "Financial Services",
    "dateListed": "2020-12-23",
    "marketCap": 5655923,
    "xid": "629012910",
    "priceChangeFiveDayPercent": 47.29950900163667,
    "isRecentListing": false,
    "priceAsk": 0.055,
    "priceBid": 0.014,
    "priceChange": 0,
    "priceChangePercent": 0,
    "priceLast": 0.027,
    "sector": "Financials",
    "industryGroup": "Financial Services",
    "securityType": 1,
    "volume": 182,
    "statusCode": "XE",
    "isin": "AU0000118127",
    "priceClose": 0.027,
    "priceDayHigh": 0.027,
    "priceDayLow": 0.027,
    "priceFiftyTwoWeekHigh": 0.11491,
    "priceFiftyTwoWeekLow": 0.01454,
    "volumeAverage": 140286.118985,
    "cashFlow": -37.3792,
    "earningsPerShare": -0.17516,
    "freeCashFlowYield": -0.0000100000010000001,
    "priceEarningsRatio": -99999.99,
    "priceToCash": -99999.99,
    "foreignExempt": false,
    "shareDescription": "Ordinary Fully Paid",
    "numOfShares": 209478626,
    "yieldAnnual": 0,
    "incomeStatement": [
      {
        "revenue": 16315020,
        "netIncome": -12662080,
        "period": "2022A",
        "fPeriodEndDate": 44742,
        "curCode": "AUD"
      },
      {
        "revenue": 12174380,
        "netIncome": -12733950,
        "period": "2021A",
        "fPeriodEndDate": 44377,
        "curCode": "AUD"
      },
      {
        "revenue": 9847840,
        "netIncome": -7508770,
        "period": "2020A",
        "fPeriodEndDate": 44012,
        "curCode": "AUD"
      },
      {
        "revenue": 3414040,
        "netIncome": -4623920,
        "period": "2019A",
        "fPeriodEndDate": 43646,
        "curCode": "AUD"
      }
    ]
  },
  {
    "symbol": "PCG",
    "displayName": "PENGANA CAPITAL GROUP LIMITED",
    "industry": "Financial Services",
    "dateListed": "2001-02-28",
    "marketCap": 130215866,
    "xid": "146297",
    "priceChangeFiveDayPercent": -8.846153846153847,
    "isRecentListing": false,
    "priceAsk": 1.19,
    "priceBid": 1.17,
    "priceChange": 0.0050000000000001155,
    "priceChangePercent": 0.42372881355933184,
    "priceLast": 1.185,
    "sector": "Financials",
    "industryGroup": "Financial Services",
    "securityType": 1,
    "volume": 4476,
    "statusCode": "",
    "isin": "AU000000PCG4",
    "priceClose": 1.18,
    "priceDayHigh": 1.185,
    "priceDayLow": 1.17,
    "priceFiftyTwoWeekHigh": 2.18,
    "priceFiftyTwoWeekLow": 1.15,
    "volumeAverage": 11896.155556,
    "dateExDate": "2023-03-01",
    "datePayDate": "2023-03-16",
    "dateRecordDate": "2023-03-02",
    "dividend": 0.02,
    "dividendType": "I",
    "frankingPercent": 100,
    "cashFlow": -2.468,
    "earningsPerShare": 0.04762,
    "freeCashFlowYield": 0.05531585352361987,
    "priceEarningsRatio": 24.7795,
    "priceToCash": 18.078,
    "foreignExempt": false,
    "shareDescription": "Ordinary Fully Paid",
    "numOfShares": 110352429,
    "yieldAnnual": 8.438818565400844,
    "incomeStatement": [
      {
        "revenue": 45359000,
        "netIncome": 18652000,
        "period": "2022A",
        "fPeriodEndDate": 44742,
        "curCode": "AUD"
      },
      {
        "revenue": 44923000,
        "netIncome": 8718000,
        "period": "2021A",
        "fPeriodEndDate": 44377,
        "curCode": "AUD"
      },
      {
        "revenue": 40057000,
        "netIncome": 6118000,
        "period": "2020A",
        "fPeriodEndDate": 44012,
        "curCode": "AUD"
      },
      {
        "revenue": 39056000,
        "netIncome": -14295000,
        "period": "2019A",
        "fPeriodEndDate": 43646,
        "curCode": "AUD"
      }
    ]
  },
  {
    "symbol": "PPM",
    "displayName": "PEPPER MONEY LIMITED",
    "industry": "Financial Services",
    "dateListed": "2021-05-25",
    "marketCap": 549665140,
    "xid": "658540994",
    "priceChangeFiveDayPercent": -9.999999999999993,
    "isRecentListing": false,
    "priceAsk": 1.295,
    "priceBid": 1.2550000000000001,
    "priceChange": 0.010000000000000009,
    "priceChangePercent": 0.8000000000000007,
    "priceLast": 1.26,
    "sector": "Financials",
    "industryGroup": "Financial Services",
    "securityType": 1,
    "volume": 300698,
    "statusCode": "XD",
    "isin": "AU0000150898",
    "priceClose": 1.25,
    "priceDayHigh": 1.3,
    "priceDayLow": 1.26,
    "priceFiftyTwoWeekHigh": 2.33,
    "priceFiftyTwoWeekLow": 1.105,
    "volumeAverage": 144241.402174,
    "dateExDate": "2023-03-13",
    "datePayDate": "2023-04-14",
    "dateRecordDate": "2023-03-14",
    "dividend": 0.051,
    "dividendType": "F",
    "frankingPercent": 100,
    "cashFlow": -2371.4,
    "earningsPerShare": 0.31445,
    "freeCashFlowYield": 0.29272376536433864,
    "priceEarningsRatio": 3.97519,
    "priceToCash": 3.41619,
    "foreignExempt": false,
    "shareDescription": "Ordinary Fully Paid",
    "numOfShares": 439732112,
    "yieldAnnual": 0,
    "incomeStatement": [
      {
        "revenue": 1063700000,
        "netIncome": 141000000,
        "period": "2022A",
        "fPeriodEndDate": 44926,
        "curCode": "AUD"
      },
      {
        "revenue": 771300000,
        "netIncome": 312900000,
        "period": "2021A",
        "fPeriodEndDate": 44561,
        "curCode": "AUD"
      },
      {
        "revenue": 774122000,
        "netIncome": -29593000,
        "period": "2020A",
        "fPeriodEndDate": 44196,
        "curCode": "AUD"
      },
      {
        "revenue": 778955000,
        "netIncome": 49908000,
        "period": "2019A",
        "fPeriodEndDate": 43830,
        "curCode": "AUD"
      }
    ]
  },
  {
    "symbol": "PPT",
    "displayName": "PERPETUAL LIMITED",
    "industry": "Financial Services",
    "dateListed": "1964-06-24",
    "marketCap": 2376691293,
    "xid": "232984",
    "priceChangeFiveDayPercent": -11.652173913043478,
    "isRecentListing": false,
    "priceAsk": 20.5,
    "priceBid": 20.2,
    "priceChange": -0.870000000000001,
    "priceChangePercent": -4.105710240679571,
    "priceLast": 20.32,
    "sector": "Financials",
    "industryGroup": "Financial Services",
    "securityType": 1,
    "volume": 484081,
    "statusCode": "XD",
    "isin": "AU000000PPT9",
    "priceClose": 21.19,
    "priceDayHigh": 20.87,
    "priceDayLow": 20.17,
    "priceFiftyTwoWeekHigh": 35.6,
    "priceFiftyTwoWeekLow": 20.17,
    "volumeAverage": 505963.554348,
    "dateExDate": "2023-03-09",
    "datePayDate": "2023-03-31",
    "dateRecordDate": "2023-03-10",
    "dividend": 0.55,
    "dividendType": "I",
    "frankingPercent": 40,
    "cashFlow": 1.8,
    "earningsPerShare": 1.19081,
    "freeCashFlowYield": 0.051331856344720116,
    "priceEarningsRatio": 17.79461,
    "priceToCash": 19.48108,
    "foreignExempt": false,
    "shareDescription": "Ordinary Fully Paid",
    "numOfShares": 112160986,
    "yieldAnnual": 9.202755905511811,
    "incomeStatement": [
      {
        "revenue": 740200000,
        "netIncome": 101200000,
        "period": "2022A",
        "fPeriodEndDate": 44742,
        "curCode": "AUD"
      },
      {
        "revenue": 652075000,
        "netIncome": 74869000,
        "period": "2021A",
        "fPeriodEndDate": 44377,
        "curCode": "AUD"
      },
      {
        "revenue": 491297000,
        "netIncome": 81999000,
        "period": "2020A",
        "fPeriodEndDate": 44012,
        "curCode": "AUD"
      },
      {
        "revenue": 519405000,
        "netIncome": 115929000,
        "period": "2019A",
        "fPeriodEndDate": 43646,
        "curCode": "AUD"
      }
    ]
  },
  {
    "symbol": "PNI",
    "displayName": "PINNACLE INVESTMENT MANAGEMENT GROUP LIMITED",
    "industry": "Financial Services",
    "dateListed": "2007-06-19",
    "marketCap": 1606119366,
    "xid": "7650935",
    "priceChangeFiveDayPercent": -8.098159509202455,
    "isRecentListing": false,
    "priceAsk": 7.5,
    "priceBid": 7.4,
    "priceChange": -0.4900000000000002,
    "priceChangePercent": -6.140350877192985,
    "priceLast": 7.49,
    "sector": "Financials",
    "industryGroup": "Financial Services",
    "securityType": 1,
    "volume": 381096,
    "statusCode": "",
    "isin": "AU000000PNI7",
    "priceClose": 7.98,
    "priceDayHigh": 7.75,
    "priceDayLow": 7.47,
    "priceFiftyTwoWeekHigh": 11.63,
    "priceFiftyTwoWeekLow": 6.49,
    "volumeAverage": 567049.456522,
    "dateExDate": "2023-03-02",
    "datePayDate": "2023-03-17",
    "dateRecordDate": "2023-03-03",
    "dividend": 0.156,
    "dividendType": "I",
    "frankingPercent": 100,
    "cashFlow": -45.24,
    "earningsPerShare": 0.34095,
    "freeCashFlowYield": 0.04247525391706792,
    "priceEarningsRatio": 23.40519,
    "priceToCash": 23.54312,
    "foreignExempt": false,
    "shareDescription": "Ordinary Fully Paid",
    "numOfShares": 201268091,
    "yieldAnnual": 4.419225634178906,
    "incomeStatement": [
      {
        "revenue": 45997000,
        "netIncome": 76365000,
        "period": "2022A",
        "fPeriodEndDate": 44742,
        "curCode": "AUD"
      },
      {
        "revenue": 32514000,
        "netIncome": 67017000,
        "period": "2021A",
        "fPeriodEndDate": 44377,
        "curCode": "AUD"
      },
      {
        "revenue": 22407000,
        "netIncome": 32206000,
        "period": "2020A",
        "fPeriodEndDate": 44012,
        "curCode": "AUD"
      },
      {
        "revenue": 21123000,
        "netIncome": 30549000,
        "period": "2019A",
        "fPeriodEndDate": 43646,
        "curCode": "AUD"
      }
    ]
  },
  {
    "symbol": "PNC",
    "displayName": "PIONEER CREDIT LIMITED",
    "industry": "Financial Services",
    "dateListed": "2014-05-01",
    "marketCap": 34702669,
    "xid": "74285858",
    "priceChangeFiveDayPercent": 1.5384615384615399,
    "isRecentListing": false,
    "priceAsk": 0.33,
    "priceBid": 0.32,
    "priceChange": 0.020000000000000018,
    "priceChangePercent": 6.451612903225812,
    "priceLast": 0.33,
    "sector": "Financials",
    "industryGroup": "Financial Services",
    "securityType": 1,
    "volume": 108783,
    "statusCode": "",
    "isin": "AU000000PNC0",
    "priceClose": 0.31,
    "priceDayHigh": 0.335,
    "priceDayLow": 0.32,
    "priceFiftyTwoWeekHigh": 0.515,
    "priceFiftyTwoWeekLow": 0.25,
    "volumeAverage": 111394.375,
    "dateExDate": "2019-03-29",
    "datePayDate": "2019-04-26",
    "dateRecordDate": "2019-04-01",
    "dividend": 0.0431,
    "dividendType": "I",
    "frankingPercent": 100,
    "cashFlow": -81.141,
    "earningsPerShare": -0.13149,
    "freeCashFlowYield": -0.0000100000010000001,
    "priceEarningsRatio": -99999.99,
    "priceToCash": -99999.99,
    "foreignExempt": false,
    "shareDescription": "Ordinary Fully Paid",
    "numOfShares": 111944093,
    "yieldAnnual": 0,
    "incomeStatement": [
      {
        "revenue": 54314000,
        "netIncome": -33094000,
        "period": "2022A",
        "fPeriodEndDate": 44742,
        "curCode": "AUD"
      },
      {
        "revenue": 53396000,
        "netIncome": -19655000,
        "period": "2021A",
        "fPeriodEndDate": 44377,
        "curCode": "AUD"
      },
      {
        "revenue": 53672000,
        "netIncome": -40084000,
        "period": "2020A",
        "fPeriodEndDate": 44012,
        "curCode": "AUD"
      },
      {
        "revenue": 75079000,
        "netIncome": 4281000,
        "period": "2019A",
        "fPeriodEndDate": 43646,
        "curCode": "AUD"
      }
    ]
  },
  {
    "symbol": "PTM",
    "displayName": "PLATINUM ASSET MANAGEMENT LIMITED",
    "industry": "Financial Services",
    "dateListed": "2007-05-23",
    "marketCap": 1035488259,
    "xid": "7377005",
    "priceChangeFiveDayPercent": -4.034582132564845,
    "isRecentListing": false,
    "priceAsk": 1.72,
    "priceBid": 1.6500000000000001,
    "priceChange": -0.10000000000000009,
    "priceChangePercent": -5.665722379603404,
    "priceLast": 1.665,
    "sector": "Financials",
    "industryGroup": "Financial Services",
    "securityType": 1,
    "volume": 993350,
    "statusCode": "",
    "isin": "AU000000PTM6",
    "priceClose": 1.7650000000000001,
    "priceDayHigh": 1.75,
    "priceDayLow": 1.6600000000000001,
    "priceFiftyTwoWeekHigh": 2.335,
    "priceFiftyTwoWeekLow": 1.5525,
    "volumeAverage": 1170431.782609,
    "dateExDate": "2023-03-02",
    "datePayDate": "2023-03-17",
    "dateRecordDate": "2023-03-03",
    "dividend": 0.07,
    "dividendType": "I",
    "frankingPercent": 100,
    "cashFlow": 12.885,
    "earningsPerShare": 0.13586,
    "freeCashFlowYield": 0.07900135961339895,
    "priceEarningsRatio": 12.99131,
    "priceToCash": 12.65801,
    "foreignExempt": false,
    "shareDescription": "Ordinary Fully Paid",
    "numOfShares": 586678900,
    "yieldAnnual": 8.408408408408407,
    "incomeStatement": [
      {
        "revenue": 256941000,
        "netIncome": 101493000,
        "period": "2022A",
        "fPeriodEndDate": 44742,
        "curCode": "AUD"
      },
      {
        "revenue": 272490000,
        "netIncome": 163258000,
        "period": "2021A",
        "fPeriodEndDate": 44377,
        "curCode": "AUD"
      },
      {
        "revenue": 290003000,
        "netIncome": 155611000,
        "period": "2020A",
        "fPeriodEndDate": 44012,
        "curCode": "AUD"
      },
      {
        "revenue": 304022000,
        "netIncome": 157651000,
        "period": "2019A",
        "fPeriodEndDate": 43646,
        "curCode": "AUD"
      }
    ]
  },
  {
    "symbol": "PLT",
    "displayName": "PLENTI GROUP LIMITED",
    "industry": "Financial Services",
    "dateListed": "2020-09-23",
    "marketCap": 56392853,
    "xid": "615357566",
    "priceChangeFiveDayPercent": -15.476190476190476,
    "isRecentListing": false,
    "priceAsk": 0.385,
    "priceBid": 0.335,
    "priceChange": 0.024999999999999967,
    "priceChangePercent": 7.575757575757565,
    "priceLast": 0.355,
    "sector": "Financials",
    "industryGroup": "Financial Services",
    "securityType": 1,
    "volume": 444019,
    "statusCode": "",
    "isin": "AU0000102691",
    "priceClose": 0.33,
    "priceDayHigh": 0.36250000000000004,
    "priceDayLow": 0.3,
    "priceFiftyTwoWeekHigh": 1.08,
    "priceFiftyTwoWeekLow": 0.3,
    "volumeAverage": 256379.068182,
    "cashFlow": 5.955,
    "earningsPerShare": 0.02152,
    "freeCashFlowYield": 0.08896520126152657,
    "priceEarningsRatio": 15.33457,
    "priceToCash": 11.24035,
    "foreignExempt": false,
    "shareDescription": "Ordinary Fully Paid",
    "numOfShares": 170887434,
    "yieldAnnual": 0,
    "incomeStatement": [
      {
        "revenue": 88506000,
        "netIncome": -6315000,
        "period": "2022A",
        "fPeriodEndDate": 44651,
        "curCode": "AUD"
      },
      {
        "revenue": 53125000,
        "netIncome": -15092000,
        "period": "2021A",
        "fPeriodEndDate": 44286,
        "curCode": "AUD"
      },
      {
        "revenue": 41511000,
        "netIncome": -16232000,
        "period": "2020A",
        "fPeriodEndDate": 43921,
        "curCode": "AUD"
      },
      {
        "revenue": 28852000,
        "netIncome": -13264000,
        "period": "2019A",
        "fPeriodEndDate": 43555,
        "curCode": "AUD"
      }
    ]
  },
  {
    "symbol": "PVL",
    "displayName": "POWERHOUSE VENTURES LIMITED",
    "industry": "Financial Services",
    "dateListed": "2016-10-12",
    "marketCap": 6520132,
    "xid": "359096190",
    "priceChangeFiveDayPercent": 0,
    "isRecentListing": false,
    "priceAsk": 0.054,
    "priceBid": 0.052000000000000005,
    "priceChange": 0,
    "priceChangePercent": 0,
    "priceLast": 0.054,
    "sector": "Financials",
    "industryGroup": "Financial Services",
    "securityType": 1,
    "volume": 845510,
    "statusCode": "",
    "isin": "NZPVLE0001S6",
    "priceClose": 0.054,
    "priceDayHigh": 0.058,
    "priceDayLow": 0.053,
    "priceFiftyTwoWeekHigh": 0.1,
    "priceFiftyTwoWeekLow": 0.047,
    "volumeAverage": 93039.288889,
    "cashFlow": 0.03075,
    "earningsPerShare": 0.01203,
    "freeCashFlowYield": -0.0000100000010000001,
    "priceEarningsRatio": 4.48924,
    "priceToCash": -99999.99,
    "foreignExempt": false,
    "shareDescription": "Ordinary Fully Paid",
    "numOfShares": 120743176,
    "yieldAnnual": 0,
    "incomeStatement": [
      {
        "revenue": 518560,
        "netIncome": -305210,
        "period": "2022A",
        "fPeriodEndDate": 44742,
        "curCode": "NZD"
      },
      {
        "revenue": -253870,
        "netIncome": -1573840,
        "period": "2021A",
        "fPeriodEndDate": 44377,
        "curCode": "NZD"
      },
      {
        "revenue": 1092400,
        "netIncome": -47070,
        "period": "2020A",
        "fPeriodEndDate": 44012,
        "curCode": "NZD"
      },
      {
        "revenue": -1831400,
        "netIncome": -3969070,
        "period": "2019A",
        "fPeriodEndDate": 43646,
        "curCode": "NZD"
      }
    ]
  },
  {
    "symbol": "PFG",
    "displayName": "PRIME FINANCIAL GROUP LIMITED",
    "industry": "Financial Services",
    "dateListed": "2004-12-07",
    "marketCap": 50317412,
    "xid": "55367",
    "priceChangeFiveDayPercent": -2.0000000000000018,
    "isRecentListing": false,
    "priceAsk": 0.24,
    "priceBid": 0.23,
    "priceChange": 0,
    "priceChangePercent": 0,
    "priceLast": 0.245,
    "sector": "Financials",
    "industryGroup": "Financial Services",
    "securityType": 1,
    "volume": 0,
    "statusCode": "XD",
    "isin": "AU000000PFG7",
    "priceClose": 0.245,
    "priceFiftyTwoWeekHigh": 0.27,
    "priceFiftyTwoWeekLow": 0.155,
    "volumeAverage": 68383.810811,
    "dateExDate": "2023-03-03",
    "datePayDate": "2023-03-31",
    "dateRecordDate": "2023-03-06",
    "dividend": 0.007,
    "dividendType": "I",
    "frankingPercent": 100,
    "cashFlow": 1.91009,
    "earningsPerShare": 0.02118,
    "freeCashFlowYield": 0.12873674494289883,
    "priceEarningsRatio": 11.56752,
    "priceToCash": 7.76779,
    "foreignExempt": false,
    "shareDescription": "Ordinary Fully Paid",
    "numOfShares": 205377191,
    "yieldAnnual": 5.306122448979592,
    "incomeStatement": [
      {
        "revenue": 26328780,
        "netIncome": 3814070,
        "period": "2022A",
        "fPeriodEndDate": 44742,
        "curCode": "AUD"
      },
      {
        "revenue": 22321810,
        "netIncome": 3074130,
        "period": "2021A",
        "fPeriodEndDate": 44377,
        "curCode": "AUD"
      },
      {
        "revenue": 21546890,
        "netIncome": 2131560,
        "period": "2020A",
        "fPeriodEndDate": 44012,
        "curCode": "AUD"
      },
      {
        "revenue": 21384930,
        "netIncome": 1314780,
        "period": "2019A",
        "fPeriodEndDate": 43646,
        "curCode": "AUD"
      }
    ]
  },
  {
    "symbol": "PHL",
    "displayName": "PROPELL HOLDINGS LIMITED",
    "industry": "Financial Services",
    "dateListed": "2021-04-14",
    "marketCap": 3731021,
    "xid": "647877112",
    "priceChangeFiveDayPercent": 0,
    "isRecentListing": false,
    "priceAsk": 0.042,
    "priceBid": 0.031,
    "priceChange": 0,
    "priceChangePercent": 0,
    "priceLast": 0.031,
    "sector": "Financials",
    "industryGroup": "Financial Services",
    "securityType": 1,
    "volume": 0,
    "statusCode": "",
    "isin": "AU0000139578",
    "priceClose": 0.031,
    "priceFiftyTwoWeekHigh": 0.08023,
    "priceFiftyTwoWeekLow": 0.027,
    "volumeAverage": 150503.352941,
    "cashFlow": -7.19011,
    "earningsPerShare": -0.03661,
    "freeCashFlowYield": -0.0000100000010000001,
    "priceEarningsRatio": -99999.99,
    "priceToCash": -99999.99,
    "foreignExempt": false,
    "shareDescription": "Ordinary Fully Paid",
    "numOfShares": 120355520,
    "yieldAnnual": 0,
    "incomeStatement": [
      {
        "revenue": 820730,
        "netIncome": -4473760,
        "period": "2022A",
        "fPeriodEndDate": 44742,
        "curCode": "AUD"
      },
      {
        "revenue": 206450,
        "netIncome": -4340280,
        "period": "2021A",
        "fPeriodEndDate": 44377,
        "curCode": "AUD"
      },
      {
        "revenue": 517190,
        "netIncome": -2135500,
        "period": "2020A",
        "fPeriodEndDate": 44012,
        "curCode": "AUD"
      },
      {
        "revenue": 640290,
        "netIncome": -4910550,
        "period": "2019A",
        "fPeriodEndDate": 43646,
        "curCode": "AUD"
      }
    ]
  },
  {
    "symbol": "PGL",
    "displayName": "PROSPA GROUP LIMITED.",
    "industry": "Financial Services",
    "dateListed": "2019-06-11",
    "marketCap": 82368306,
    "xid": "538056608",
    "priceChangeFiveDayPercent": -9.708737864077667,
    "isRecentListing": false,
    "priceAsk": 0.5,
    "priceBid": 0.465,
    "priceChange": -0.03999999999999998,
    "priceChangePercent": -7.920792079207917,
    "priceLast": 0.465,
    "sector": "Financials",
    "industryGroup": "Financial Services",
    "securityType": 1,
    "volume": 74418,
    "statusCode": "",
    "isin": "AU0000046740",
    "priceClose": 0.505,
    "priceDayHigh": 0.505,
    "priceDayLow": 0.465,
    "priceFiftyTwoWeekHigh": 0.93,
    "priceFiftyTwoWeekLow": 0.465,
    "volumeAverage": 57425.903614,
    "cashFlow": 63.143,
    "earningsPerShare": -0.02375,
    "freeCashFlowYield": 0.060897223147521704,
    "priceEarningsRatio": -99999.99,
    "priceToCash": 16.42111,
    "foreignExempt": false,
    "shareDescription": "Ordinary Fully Paid",
    "numOfShares": 163105556,
    "yieldAnnual": 0,
    "incomeStatement": [
      {
        "revenue": 166874000,
        "netIncome": 6726000,
        "period": "2022A",
        "fPeriodEndDate": 44742,
        "curCode": "AUD"
      },
      {
        "revenue": 110469000,
        "netIncome": -9494000,
        "period": "2021A",
        "fPeriodEndDate": 44377,
        "curCode": "AUD"
      },
      {
        "revenue": 133193000,
        "netIncome": -24933000,
        "period": "2020A",
        "fPeriodEndDate": 44012,
        "curCode": "AUD"
      },
      {
        "revenue": 127887000,
        "netIncome": -24721000,
        "period": "2019A",
        "fPeriodEndDate": 43646,
        "curCode": "AUD"
      }
    ]
  },
  {
    "symbol": "PPH",
    "displayName": "PUSHPAY HOLDINGS LIMITED",
    "industry": "Financial Services",
    "dateListed": "2016-10-12",
    "marketCap": 1462235066,
    "xid": "366809653",
    "priceChangeFiveDayPercent": 13.71681415929204,
    "isRecentListing": false,
    "priceAsk": 1.29,
    "priceBid": 1.27,
    "priceChange": 0.004999999999999893,
    "priceChangePercent": 0.3906249999999917,
    "priceLast": 1.285,
    "sector": "Financials",
    "industryGroup": "Financial Services",
    "securityType": 1,
    "volume": 167022,
    "statusCode": "",
    "isin": "NZPPHE0001S6",
    "priceClose": 1.28,
    "priceDayHigh": 1.295,
    "priceDayLow": 1.285,
    "priceFiftyTwoWeekHigh": 1.34,
    "priceFiftyTwoWeekLow": 0.915,
    "volumeAverage": 580838.934066,
    "cashFlow": 71.05591,
    "earningsPerShare": 0.03248,
    "freeCashFlowYield": 0.03608050281788727,
    "priceEarningsRatio": 42.49043,
    "priceToCash": 27.7158,
    "foreignExempt": true,
    "shareDescription": "Ordinary Fully Paid Foreign Exempt Nzx",
    "numOfShares": 1142371145,
    "yieldAnnual": 0,
    "incomeStatement": [
      {
        "revenue": 198819000,
        "netIncome": 33403000,
        "period": "2022A",
        "fPeriodEndDate": 44651,
        "curCode": "USD"
      },
      {
        "revenue": 178220000,
        "netIncome": 31182000,
        "period": "2021A",
        "fPeriodEndDate": 44286,
        "curCode": "USD"
      },
      {
        "revenue": 127467000,
        "netIncome": 16001000,
        "period": "2020A",
        "fPeriodEndDate": 43921,
        "curCode": "USD"
      },
      {
        "revenue": 95907000,
        "netIncome": 18827000,
        "period": "2019A",
        "fPeriodEndDate": 43555,
        "curCode": "USD"
      }
    ]
  },
  {
    "symbol": "QUE",
    "displayName": "QUESTE COMMUNICATIONS LIMITED",
    "industry": "Financial Services",
    "dateListed": "1998-11-11",
    "marketCap": 649736,
    "xid": "238290",
    "priceChangeFiveDayPercent": 0,
    "isRecentListing": false,
    "priceAsk": 0.036000000000000004,
    "priceBid": 0.024,
    "priceChange": 0,
    "priceChangePercent": 0,
    "priceLast": 0.024,
    "sector": "Financials",
    "industryGroup": "Financial Services",
    "securityType": 1,
    "volume": 0,
    "statusCode": "",
    "isin": "AU000000QUE9",
    "priceClose": 0.024,
    "priceFiftyTwoWeekHigh": 0.07,
    "priceFiftyTwoWeekLow": 0.024,
    "volumeAverage": 399001.888889,
    "cashFlow": 0.01781,
    "earningsPerShare": -0.01958,
    "freeCashFlowYield": -0.0000100000010000001,
    "priceEarningsRatio": -99999.99,
    "priceToCash": -99999.99,
    "foreignExempt": false,
    "shareDescription": "Ordinary Fully Paid",
    "numOfShares": 27072332,
    "yieldAnnual": 0,
    "incomeStatement": [
      {
        "revenue": 37710,
        "netIncome": -2608940,
        "period": "2022A",
        "fPeriodEndDate": 44742,
        "curCode": "AUD"
      },
      {
        "revenue": 267730,
        "netIncome": 3139670,
        "period": "2021A",
        "fPeriodEndDate": 44377,
        "curCode": "AUD"
      },
      {
        "revenue": 122380,
        "netIncome": -530820,
        "period": "2020A",
        "fPeriodEndDate": 44012,
        "curCode": "AUD"
      },
      {
        "revenue": 56650,
        "netIncome": -910110,
        "period": "2019A",
        "fPeriodEndDate": 43646,
        "curCode": "AUD"
      }
    ]
  },
  {
    "symbol": "QFE",
    "displayName": "QUICKFEE LIMITED",
    "industry": "Financial Services",
    "dateListed": "2019-07-11",
    "marketCap": 15393015,
    "xid": "542569815",
    "priceChangeFiveDayPercent": 5.2631578947368345,
    "isRecentListing": false,
    "priceAsk": 0.06,
    "priceBid": 0.058,
    "priceChange": 0.0029999999999999957,
    "priceChangePercent": 5.2631578947368345,
    "priceLast": 0.06,
    "securityType": 1,
    "volume": 112497,
    "statusCode": "",
    "isin": "AU0000049025",
    "priceClose": 0.057,
    "priceDayHigh": 0.06,
    "priceDayLow": 0.058,
    "priceFiftyTwoWeekHigh": 0.14,
    "priceFiftyTwoWeekLow": 0.056,
    "volumeAverage": 145727.409091,
    "cashFlow": -22.03545,
    "earningsPerShare": -0.0429,
    "freeCashFlowYield": -0.0000100000010000001,
    "priceEarningsRatio": -99999.99,
    "priceToCash": -99999.99,
    "foreignExempt": false,
    "shareDescription": "Ordinary Fully Paid",
    "numOfShares": 270052902,
    "yieldAnnual": 0,
    "incomeStatement": [
      {
        "revenue": 5727690,
        "netIncome": -13500100,
        "period": "2022A",
        "fPeriodEndDate": 44742,
        "curCode": "AUD"
      },
      {
        "revenue": 4042170,
        "netIncome": -8546090,
        "period": "2021A",
        "fPeriodEndDate": 44377,
        "curCode": "AUD"
      },
      {
        "revenue": 2759780,
        "netIncome": -3826550,
        "period": "2020A",
        "fPeriodEndDate": 44012,
        "curCode": "AUD"
      },
      {
        "revenue": 1238440,
        "netIncome": -1154930,
        "period": "2019A",
        "fPeriodEndDate": 43646,
        "curCode": "AUD"
      }
    ]
  },
  {
    "symbol": "RZI",
    "displayName": "RAIZ INVEST LIMITED",
    "industry": "Financial Services",
    "dateListed": "2018-06-21",
    "marketCap": 34574822,
    "xid": "475622900",
    "priceChangeFiveDayPercent": -18.390804597701152,
    "isRecentListing": false,
    "priceAsk": 0.36,
    "priceBid": 0.35000000000000003,
    "priceChange": -0.015000000000000013,
    "priceChangePercent": -4.054054054054058,
    "priceLast": 0.355,
    "sector": "Financials",
    "industryGroup": "Financial Services",
    "securityType": 1,
    "volume": 33337,
    "statusCode": "",
    "isin": "AU0000010761",
    "priceClose": 0.37,
    "priceDayHigh": 0.38,
    "priceDayLow": 0.355,
    "priceFiftyTwoWeekHigh": 1.15,
    "priceFiftyTwoWeekLow": 0.355,
    "volumeAverage": 43912.853933,
    "cashFlow": -9.015,
    "earningsPerShare": -0.10856,
    "freeCashFlowYield": -0.0000100000010000001,
    "priceEarningsRatio": -99999.99,
    "priceToCash": -99999.99,
    "foreignExempt": false,
    "shareDescription": "Ordinary Fully Paid",
    "numOfShares": 93445466,
    "yieldAnnual": 0,
    "incomeStatement": [
      {
        "revenue": 19339000,
        "netIncome": -9634000,
        "period": "2022A",
        "fPeriodEndDate": 44742,
        "curCode": "AUD"
      },
      {
        "revenue": 13968000,
        "netIncome": -3520000,
        "period": "2021A",
        "fPeriodEndDate": 44377,
        "curCode": "AUD"
      },
      {
        "revenue": 10289000,
        "netIncome": -4528000,
        "period": "2020A",
        "fPeriodEndDate": 44012,
        "curCode": "AUD"
      },
      {
        "revenue": 6227000,
        "netIncome": -7019000,
        "period": "2019A",
        "fPeriodEndDate": 43646,
        "curCode": "AUD"
      }
    ]
  },
  {
    "symbol": "RPL",
    "displayName": "REGAL PARTNERS LIMITED",
    "industry": "Financial Services",
    "dateListed": "2019-06-21",
    "marketCap": 745988029,
    "xid": "539657119",
    "priceChangeFiveDayPercent": -1.6666666666666607,
    "isRecentListing": false,
    "priceAsk": 3.1,
    "priceBid": 2.92,
    "priceChange": 0.020000000000000018,
    "priceChangePercent": 0.6825938566552907,
    "priceLast": 2.95,
    "sector": "Financials",
    "industryGroup": "Financial Services",
    "securityType": 1,
    "volume": 60186,
    "statusCode": "XD",
    "isin": "AU0000226300",
    "priceClose": 2.93,
    "priceDayHigh": 3.0100000000000002,
    "priceDayLow": 2.95,
    "priceFiftyTwoWeekHigh": 4.58444,
    "priceFiftyTwoWeekLow": 2.42531,
    "volumeAverage": 84200.456522,
    "dateExDate": "2023-03-06",
    "datePayDate": "2023-03-22",
    "dateRecordDate": "2023-03-07",
    "dividend": 0.04,
    "dividendType": "F",
    "frankingPercent": 100,
    "cashFlow": -31.399,
    "earningsPerShare": 0.05862,
    "freeCashFlowYield": 0.024999062535154933,
    "priceEarningsRatio": 49.98294,
    "priceToCash": 40.0015,
    "foreignExempt": false,
    "shareDescription": "Ordinary Fully Paid",
    "numOfShares": 254603423,
    "yieldAnnual": 20,
    "incomeStatement": [
      {
        "revenue": 84177000,
        "netIncome": 11623000,
        "period": "2022A",
        "fPeriodEndDate": 44926,
        "curCode": "AUD"
      },
      {
        "revenue": 86661000,
        "netIncome": 42707000,
        "period": "2021A",
        "fPeriodEndDate": 44561,
        "curCode": "AUD"
      },
      {
        "revenue": 57373000,
        "netIncome": 25916000,
        "period": "2020A",
        "fPeriodEndDate": 44196,
        "curCode": "AUD"
      },
      {
        "revenue": 67929000,
        "netIncome": 27983000,
        "period": "2019A",
        "fPeriodEndDate": 43830,
        "curCode": "AUD"
      }
    ]
  },
  {
    "symbol": "RMC",
    "displayName": "RESIMAC GROUP LTD",
    "industry": "Financial Services",
    "dateListed": "2001-03-19",
    "marketCap": 379957941,
    "xid": "148595",
    "priceChangeFiveDayPercent": -4.081632653061217,
    "isRecentListing": false,
    "priceAsk": 0.9500000000000001,
    "priceBid": 0.9400000000000001,
    "priceChange": 0,
    "priceChangePercent": 0,
    "priceLast": 0.9400000000000001,
    "sector": "Financials",
    "industryGroup": "Financial Services",
    "securityType": 1,
    "volume": 241613,
    "statusCode": "XD",
    "isin": "AU0000033094",
    "priceClose": 0.9400000000000001,
    "priceDayHigh": 0.96,
    "priceDayLow": 0.915,
    "priceFiftyTwoWeekHigh": 1.835,
    "priceFiftyTwoWeekLow": 0.875,
    "volumeAverage": 115152.51087,
    "dateExDate": "2023-03-09",
    "datePayDate": "2023-03-24",
    "dateRecordDate": "2023-03-10",
    "dividend": 0.04,
    "dividendType": "I",
    "frankingPercent": 100,
    "cashFlow": -55.603,
    "earningsPerShare": 0.21499,
    "freeCashFlowYield": 0.23693426022015934,
    "priceEarningsRatio": 4.3723,
    "priceToCash": 4.22058,
    "foreignExempt": false,
    "shareDescription": "Ordinary Fully Paid",
    "numOfShares": 404210575,
    "yieldAnnual": 8.51063829787234,
    "incomeStatement": [
      {
        "revenue": 498873000,
        "netIncome": 102147000,
        "period": "2022A",
        "fPeriodEndDate": 44742,
        "curCode": "AUD"
      },
      {
        "revenue": 477493000,
        "netIncome": 107557000,
        "period": "2021A",
        "fPeriodEndDate": 44377,
        "curCode": "AUD"
      },
      {
        "revenue": 470645000,
        "netIncome": 55908000,
        "period": "2020A",
        "fPeriodEndDate": 44012,
        "curCode": "AUD"
      },
      {
        "revenue": 464215000,
        "netIncome": 47185000,
        "period": "2019A",
        "fPeriodEndDate": 43646,
        "curCode": "AUD"
      }
    ]
  },
  {
    "symbol": "SWF",
    "displayName": "SELFWEALTH LIMITED",
    "industry": "Financial Services",
    "dateListed": "2017-11-23",
    "marketCap": 42634722,
    "xid": "431866135",
    "priceChangeFiveDayPercent": -6.578947368421043,
    "isRecentListing": false,
    "priceAsk": 0.18,
    "priceBid": 0.17500000000000002,
    "priceChange": -0.0024999999999999745,
    "priceChangePercent": -1.3888888888888749,
    "priceLast": 0.17750000000000002,
    "sector": "Financials",
    "industryGroup": "Financial Services",
    "securityType": 1,
    "volume": 4428,
    "statusCode": "",
    "isin": "AU000000SWF8",
    "priceClose": 0.18,
    "priceDayHigh": 0.17750000000000002,
    "priceDayLow": 0.17750000000000002,
    "priceFiftyTwoWeekHigh": 0.2525,
    "priceFiftyTwoWeekLow": 0.135,
    "volumeAverage": 126991,
    "cashFlow": -4.00368,
    "earningsPerShare": -0.01583,
    "freeCashFlowYield": -0.0000100000010000001,
    "priceEarningsRatio": -99999.99,
    "priceToCash": -99999.99,
    "foreignExempt": false,
    "shareDescription": "Ordinary Fully Paid",
    "numOfShares": 236859569,
    "yieldAnnual": 0,
    "incomeStatement": [
      {
        "revenue": 20263910,
        "netIncome": -6264480,
        "period": "2022A",
        "fPeriodEndDate": 44742,
        "curCode": "AUD"
      },
      {
        "revenue": 18342510,
        "netIncome": -646700,
        "period": "2021A",
        "fPeriodEndDate": 44377,
        "curCode": "AUD"
      },
      {
        "revenue": 8038280,
        "netIncome": -3044690,
        "period": "2020A",
        "fPeriodEndDate": 44012,
        "curCode": "AUD"
      },
      {
        "revenue": 3280690,
        "netIncome": -3446960,
        "period": "2019A",
        "fPeriodEndDate": 43646,
        "curCode": "AUD"
      }
    ]
  },
  {
    "symbol": "SEQ",
    "displayName": "SEQUOIA FINANCIAL GROUP LTD",
    "industry": "Financial Services",
    "dateListed": "2000-09-19",
    "marketCap": 72929444,
    "xid": "82038",
    "priceChangeFiveDayPercent": -3.703703703703707,
    "isRecentListing": false,
    "priceAsk": 0.54,
    "priceBid": 0.52,
    "priceChange": -0.020000000000000018,
    "priceChangePercent": -3.703703703703707,
    "priceLast": 0.52,
    "sector": "Financials",
    "industryGroup": "Financial Services",
    "securityType": 1,
    "volume": 393491,
    "statusCode": "XD",
    "isin": "AU000000SEQ3",
    "priceClose": 0.54,
    "priceDayHigh": 0.54,
    "priceDayLow": 0.52,
    "priceFiftyTwoWeekHigh": 0.705,
    "priceFiftyTwoWeekLow": 0.455,
    "volumeAverage": 228980.093023,
    "dateExDate": "2023-03-03",
    "datePayDate": "2023-03-29",
    "dateRecordDate": "2023-03-06",
    "dividend": 0.007,
    "dividendType": "I",
    "frankingPercent": 100,
    "cashFlow": 1.72101,
    "earningsPerShare": 0.02768,
    "freeCashFlowYield": 0.10048756566862417,
    "priceEarningsRatio": 19.50867,
    "priceToCash": 9.95148,
    "foreignExempt": false,
    "shareDescription": "Ordinary Fully Paid",
    "numOfShares": 135054525,
    "yieldAnnual": 3.0769230769230766,
    "incomeStatement": [
      {
        "revenue": 147312720,
        "netIncome": 5714300,
        "period": "2022A",
        "fPeriodEndDate": 44742,
        "curCode": "AUD"
      },
      {
        "revenue": 116462660,
        "netIncome": 5548260,
        "period": "2021A",
        "fPeriodEndDate": 44377,
        "curCode": "AUD"
      },
      {
        "revenue": 84498650,
        "netIncome": 1932470,
        "period": "2020A",
        "fPeriodEndDate": 44012,
        "curCode": "AUD"
      },
      {
        "revenue": 83018040,
        "netIncome": -1001370,
        "period": "2019A",
        "fPeriodEndDate": 43646,
        "curCode": "AUD"
      }
    ]
  },
  {
    "symbol": "SZL",
    "displayName": "SEZZLE INC.",
    "industry": "Financial Services",
    "dateListed": "2019-07-30",
    "marketCap": 109381765,
    "xid": "545367247",
    "priceChangeFiveDayPercent": 4.7169811320754755,
    "isRecentListing": false,
    "priceAsk": 0.5650000000000001,
    "priceBid": 0.55,
    "priceChange": 0.030000000000000027,
    "priceChangePercent": 5.714285714285719,
    "priceLast": 0.555,
    "sector": "Financials",
    "industryGroup": "Financial Services",
    "securityType": 1,
    "volume": 897368,
    "statusCode": "",
    "isin": "AU0000050981",
    "priceClose": 0.525,
    "priceDayHigh": 0.585,
    "priceDayLow": 0.54,
    "priceFiftyTwoWeekHigh": 1.58,
    "priceFiftyTwoWeekLow": 0.185,
    "volumeAverage": 671616.826087,
    "cashFlow": 11.27712,
    "earningsPerShare": -0.28171,
    "freeCashFlowYield": -0.0000100000010000001,
    "priceEarningsRatio": -99999.99,
    "priceToCash": -99999.99,
    "foreignExempt": false,
    "shareDescription": "Cdi 1:1 Us Person Prohibited Excluding Qib",
    "numOfShares": 208346219,
    "yieldAnnual": 0,
    "incomeStatement": [
      {
        "revenue": 125570440,
        "netIncome": -38093760,
        "period": "2022A",
        "fPeriodEndDate": 44926,
        "curCode": "USD"
      },
      {
        "revenue": 114816640,
        "netIncome": -75168360,
        "period": "2021A",
        "fPeriodEndDate": 44561,
        "curCode": "USD"
      },
      {
        "revenue": 58788270,
        "netIncome": -32392740,
        "period": "2020A",
        "fPeriodEndDate": 44196,
        "curCode": "USD"
      },
      {
        "revenue": 15801110,
        "netIncome": -13061350,
        "period": "2019A",
        "fPeriodEndDate": 43830,
        "curCode": "USD"
      }
    ]
  },
  {
    "symbol": "SMP",
    "displayName": "SMARTPAY HOLDINGS LIMITED",
    "industry": "Financial Services",
    "dateListed": "2013-09-04",
    "marketCap": 256156335,
    "xid": "67291570",
    "priceChangeFiveDayPercent": -9.09090909090909,
    "isRecentListing": false,
    "priceAsk": 1.1,
    "priceBid": 1.045,
    "priceChange": -0.02499999999999991,
    "priceChangePercent": -2.325581395348829,
    "priceLast": 1.05,
    "sector": "Financials",
    "industryGroup": "Financial Services",
    "securityType": 1,
    "volume": 691178,
    "statusCode": "",
    "isin": "NZDMBE0001S2",
    "priceClose": 1.075,
    "priceDayHigh": 1.075,
    "priceDayLow": 1.01,
    "priceFiftyTwoWeekHigh": 1.31,
    "priceFiftyTwoWeekLow": 0.565,
    "volumeAverage": 221393.967391,
    "cashFlow": 7.144,
    "earningsPerShare": 0.0242,
    "freeCashFlowYield": 0.05141800576293009,
    "priceEarningsRatio": 48.34711,
    "priceToCash": 19.44844,
    "foreignExempt": true,
    "shareDescription": "Ordinary Fully Paid Foreign Exempt Nzx",
    "numOfShares": 238284963,
    "yieldAnnual": 0,
    "incomeStatement": [
      {
        "revenue": 48080000,
        "netIncome": 3104000,
        "period": "2022A",
        "fPeriodEndDate": 44651,
        "curCode": "NZD"
      },
      {
        "revenue": 33845000,
        "netIncome": -15200000,
        "period": "2021A",
        "fPeriodEndDate": 44286,
        "curCode": "NZD"
      },
      {
        "revenue": 28271000,
        "netIncome": -4472000,
        "period": "2020A",
        "fPeriodEndDate": 43921,
        "curCode": "NZD"
      },
      {
        "revenue": 21097000,
        "netIncome": -1828000,
        "period": "2019A",
        "fPeriodEndDate": 43555,
        "curCode": "NZD"
      }
    ]
  },
  {
    "symbol": "SVR",
    "displayName": "SOLVAR LIMITED",
    "industry": "Financial Services",
    "dateListed": "2006-10-19",
    "marketCap": 364256149,
    "xid": "5457155",
    "priceChangeFiveDayPercent": -11.475409836065571,
    "isRecentListing": false,
    "priceAsk": 1.72,
    "priceBid": 1.6,
    "priceChange": -0.10499999999999998,
    "priceChangePercent": -6.086956521739129,
    "priceLast": 1.62,
    "sector": "Financials",
    "industryGroup": "Financial Services",
    "securityType": 1,
    "volume": 305477,
    "statusCode": "XD",
    "isin": "AU0000258782",
    "priceClose": 1.725,
    "priceDayHigh": 1.705,
    "priceDayLow": 1.61,
    "priceFiftyTwoWeekHigh": 3.1,
    "priceFiftyTwoWeekLow": 1.61,
    "volumeAverage": 196230.847826,
    "dateExDate": "2023-03-01",
    "datePayDate": "2023-04-13",
    "dateRecordDate": "2023-03-02",
    "dividend": 0.075,
    "dividendType": "I",
    "frankingPercent": 100,
    "cashFlow": -106.766,
    "earningsPerShare": 0.24096,
    "freeCashFlowYield": 0.14768452812577998,
    "priceEarningsRatio": 7.15886,
    "priceToCash": 6.77119,
    "foreignExempt": false,
    "shareDescription": "Ordinary Fully Paid",
    "numOfShares": 211162985,
    "yieldAnnual": 8.950617283950617,
    "incomeStatement": [
      {
        "revenue": 187878000,
        "netIncome": 51632000,
        "period": "2022A",
        "fPeriodEndDate": 44742,
        "curCode": "AUD"
      },
      {
        "revenue": 145103000,
        "netIncome": 39165000,
        "period": "2021A",
        "fPeriodEndDate": 44377,
        "curCode": "AUD"
      },
      {
        "revenue": 124034000,
        "netIncome": 24192000,
        "period": "2020A",
        "fPeriodEndDate": 44012,
        "curCode": "AUD"
      },
      {
        "revenue": 91703000,
        "netIncome": 28358000,
        "period": "2019A",
        "fPeriodEndDate": 43646,
        "curCode": "AUD"
      }
    ]
  },
  {
    "symbol": "SPT",
    "displayName": "SPLITIT PAYMENTS LTD",
    "industry": "Financial Services",
    "dateListed": "2019-01-29",
    "marketCap": 80522822,
    "xid": "513315236",
    "priceChangeFiveDayPercent": -9.375000000000009,
    "isRecentListing": false,
    "priceAsk": 0.15,
    "priceBid": 0.145,
    "priceChange": -0.0050000000000000044,
    "priceChangePercent": -3.3333333333333366,
    "priceLast": 0.145,
    "sector": "Financials",
    "industryGroup": "Financial Services",
    "securityType": 1,
    "volume": 21548,
    "statusCode": "",
    "isin": "IL0011570806",
    "priceClose": 0.15,
    "priceDayHigh": 0.15,
    "priceDayLow": 0.145,
    "priceFiftyTwoWeekHigh": 0.345,
    "priceFiftyTwoWeekLow": 0.105,
    "volumeAverage": 981110.717391,
    "cashFlow": -12.48426,
    "earningsPerShare": -0.06958,
    "freeCashFlowYield": -0.0000100000010000001,
    "priceEarningsRatio": -99999.99,
    "priceToCash": -99999.99,
    "foreignExempt": false,
    "shareDescription": "Ordinary Fully Paid",
    "numOfShares": 536818811,
    "yieldAnnual": 0,
    "incomeStatement": [
      {
        "revenue": 10638000,
        "netIncome": -22614000,
        "period": "2022A",
        "fPeriodEndDate": 44926,
        "curCode": "USD"
      },
      {
        "revenue": 10507000,
        "netIncome": -39689000,
        "period": "2021A",
        "fPeriodEndDate": 44561,
        "curCode": "USD"
      },
      {
        "revenue": 6735000,
        "netIncome": -25470000,
        "period": "2020A",
        "fPeriodEndDate": 44196,
        "curCode": "USD"
      },
      {
        "revenue": 1646480,
        "netIncome": -21473060,
        "period": "2019A",
        "fPeriodEndDate": 43830,
        "curCode": "USD"
      }
    ]
  },
  {
    "symbol": "SOR",
    "displayName": "STRATEGIC ELEMENTS LIMITED",
    "industry": "Financial Services",
    "dateListed": "2011-08-11",
    "marketCap": 49162678,
    "xid": "34830437",
    "priceChangeFiveDayPercent": 0,
    "isRecentListing": false,
    "priceAsk": 0.11,
    "priceBid": 0.105,
    "priceChange": -0.0050000000000000044,
    "priceChangePercent": -4.545454545454549,
    "priceLast": 0.105,
    "sector": "Financials",
    "industryGroup": "Financial Services",
    "securityType": 1,
    "volume": 298537,
    "statusCode": "",
    "isin": "AU000000SOR0",
    "priceClose": 0.11,
    "priceDayHigh": 0.1075,
    "priceDayLow": 0.105,
    "priceFiftyTwoWeekHigh": 0.235,
    "priceFiftyTwoWeekLow": 0.105,
    "volumeAverage": 739387.293478,
    "cashFlow": -2.57931,
    "earningsPerShare": -0.0074,
    "freeCashFlowYield": -0.0000100000010000001,
    "priceEarningsRatio": -99999.99,
    "priceToCash": -99999.99,
    "foreignExempt": false,
    "shareDescription": "Ordinary Fully Paid",
    "numOfShares": 446933437,
    "yieldAnnual": 0,
    "incomeStatement": [
      {
        "revenue": 184500,
        "netIncome": -3465940,
        "period": "2022A",
        "fPeriodEndDate": 44742,
        "curCode": "AUD"
      },
      {
        "revenue": 1177610,
        "netIncome": -2356800,
        "period": "2021A",
        "fPeriodEndDate": 44377,
        "curCode": "AUD"
      },
      {
        "revenue": 1056620,
        "netIncome": -2547830,
        "period": "2020A",
        "fPeriodEndDate": 44012,
        "curCode": "AUD"
      },
      {
        "revenue": 457760,
        "netIncome": -1980370,
        "period": "2019A",
        "fPeriodEndDate": 43646,
        "curCode": "AUD"
      }
    ]
  },
  {
    "symbol": "TIP",
    "displayName": "TEAMINVEST PRIVATE GROUP LIMITED",
    "industry": "Financial Services",
    "dateListed": "2019-05-24",
    "marketCap": 55651867,
    "xid": "527989515",
    "priceChangeFiveDayPercent": -8.888888888888884,
    "isRecentListing": false,
    "priceAsk": 0.47500000000000003,
    "priceBid": 0.41000000000000003,
    "priceChange": 0,
    "priceChangePercent": 0,
    "priceLast": 0.41000000000000003,
    "sector": "Financials",
    "industryGroup": "Financial Services",
    "securityType": 1,
    "volume": 0,
    "statusCode": "",
    "isin": "AU0000041717",
    "priceClose": 0.41000000000000003,
    "priceFiftyTwoWeekHigh": 0.58,
    "priceFiftyTwoWeekLow": 0.335,
    "volumeAverage": 44554.65,
    "dateExDate": "2023-03-02",
    "datePayDate": "2023-03-10",
    "dateRecordDate": "2023-03-03",
    "dividend": 0.0027,
    "dividendType": "I",
    "frankingPercent": 100,
    "cashFlow": 0.435,
    "earningsPerShare": -0.12159,
    "freeCashFlowYield": -0.0000100000010000001,
    "priceEarningsRatio": -99999.99,
    "priceToCash": -99999.99,
    "foreignExempt": false,
    "shareDescription": "Ordinary Fully Paid",
    "numOfShares": 135736260,
    "yieldAnnual": 0,
    "incomeStatement": [
      {
        "revenue": 92680000,
        "netIncome": -17751000,
        "period": "2022A",
        "fPeriodEndDate": 44742,
        "curCode": "AUD"
      },
      {
        "revenue": 91704000,
        "netIncome": 5201000,
        "period": "2021A",
        "fPeriodEndDate": 44377,
        "curCode": "AUD"
      },
      {
        "revenue": 89095000,
        "netIncome": 8306000,
        "period": "2020A",
        "fPeriodEndDate": 44012,
        "curCode": "AUD"
      },
      {
        "revenue": 28387000,
        "netIncome": -1826000,
        "period": "2019A",
        "fPeriodEndDate": 43646,
        "curCode": "AUD"
      }
    ]
  },
  {
    "symbol": "TVL",
    "displayName": "TOUCH VENTURES LIMITED",
    "industry": "Financial Services",
    "dateListed": "1987-12-17",
    "marketCap": 64622710,
    "xid": "679871607",
    "priceChangeFiveDayPercent": -4.255319148936174,
    "isRecentListing": false,
    "priceAsk": 0.094,
    "priceBid": 0.09,
    "priceChange": -0.0010000000000000009,
    "priceChangePercent": -1.0989010989010999,
    "priceLast": 0.09,
    "sector": "Financials",
    "industryGroup": "Financial Services",
    "securityType": 1,
    "volume": 57000,
    "statusCode": "",
    "isin": "AU0000175424",
    "priceClose": 0.091,
    "priceDayHigh": 0.09,
    "priceDayLow": 0.089,
    "priceFiftyTwoWeekHigh": 0.2,
    "priceFiftyTwoWeekLow": 0.086,
    "volumeAverage": 315616.552941,
    "cashFlow": -4.861,
    "earningsPerShare": -0.09149,
    "freeCashFlowYield": -0.0000100000010000001,
    "priceEarningsRatio": -99999.99,
    "priceToCash": -99999.99,
    "foreignExempt": false,
    "shareDescription": "Ordinary Fully Paid",
    "numOfShares": 710139673,
    "yieldAnnual": 0,
    "incomeStatement": [
      {
        "revenue": -66457000,
        "netIncome": -65165000,
        "period": "2022A",
        "fPeriodEndDate": 44926,
        "curCode": "AUD"
      },
      {
        "revenue": 15692000,
        "netIncome": 13888000,
        "period": "2021A",
        "fPeriodEndDate": 44561,
        "curCode": "AUD"
      },
      {
        "revenue": 0,
        "netIncome": -3407000,
        "period": "2020A",
        "fPeriodEndDate": 44196,
        "curCode": "AUD"
      },
      {
        "revenue": 0,
        "netIncome": -1906000,
        "period": "2019A",
        "fPeriodEndDate": 43830,
        "curCode": "AUD"
      }
    ]
  },
  {
    "symbol": "TYR",
    "displayName": "TYRO PAYMENTS LIMITED",
    "industry": "Financial Services",
    "dateListed": "2019-12-06",
    "marketCap": 758486183,
    "xid": "565645988",
    "priceChangeFiveDayPercent": -1.0452961672473955,
    "isRecentListing": false,
    "priceAsk": 1.45,
    "priceBid": 1.4000000000000001,
    "priceChange": -0.040000000000000036,
    "priceChangePercent": -2.739726027397263,
    "priceLast": 1.42,
    "sector": "Financials",
    "industryGroup": "Financial Services",
    "securityType": 1,
    "volume": 836499,
    "statusCode": "",
    "isin": "AU0000066508",
    "priceClose": 1.46,
    "priceDayHigh": 1.45,
    "priceDayLow": 1.3900000000000001,
    "priceFiftyTwoWeekHigh": 1.855,
    "priceFiftyTwoWeekLow": 0.6,
    "volumeAverage": 1939868.67033,
    "cashFlow": -42.145,
    "earningsPerShare": -0.02026,
    "freeCashFlowYield": 0.03019962860496742,
    "priceEarningsRatio": -99999.99,
    "priceToCash": 33.11299,
    "foreignExempt": false,
    "shareDescription": "Ordinary Fully Paid",
    "numOfShares": 519511084,
    "yieldAnnual": 0,
    "incomeStatement": [
      {
        "revenue": 326143000,
        "netIncome": -29617000,
        "period": "2022A",
        "fPeriodEndDate": 44742,
        "curCode": "AUD"
      },
      {
        "revenue": 234038000,
        "netIncome": -29823000,
        "period": "2021A",
        "fPeriodEndDate": 44377,
        "curCode": "AUD"
      },
      {
        "revenue": 206808000,
        "netIncome": -38057000,
        "period": "2020A",
        "fPeriodEndDate": 44012,
        "curCode": "AUD"
      },
      {
        "revenue": 189770000,
        "netIncome": -18439000,
        "period": "2019A",
        "fPeriodEndDate": 43646,
        "curCode": "AUD"
      }
    ]
  },
  {
    "symbol": "WZR",
    "displayName": "WISR LIMITED",
    "industry": "Financial Services",
    "dateListed": "1989-03-16",
    "marketCap": 62385418,
    "xid": "59739",
    "priceChangeFiveDayPercent": -4.0000000000000036,
    "isRecentListing": false,
    "priceAsk": 0.048,
    "priceBid": 0.046,
    "priceChange": 0.0020000000000000018,
    "priceChangePercent": 4.347826086956526,
    "priceLast": 0.048,
    "sector": "Financials",
    "industryGroup": "Financial Services",
    "securityType": 1,
    "volume": 77706,
    "statusCode": "",
    "isin": "AU0000004129",
    "priceClose": 0.046,
    "priceDayHigh": 0.048,
    "priceDayLow": 0.046,
    "priceFiftyTwoWeekHigh": 0.175,
    "priceFiftyTwoWeekLow": 0.046,
    "volumeAverage": 1063581.021739,
    "dateExDate": "2014-10-13",
    "datePayDate": "2014-10-24",
    "dateRecordDate": "2014-10-15",
    "dividend": 0.015,
    "dividendType": "I",
    "frankingPercent": 0,
    "cashFlow": -3.08437,
    "earningsPerShare": -0.01444,
    "freeCashFlowYield": -0.0000100000010000001,
    "priceEarningsRatio": -99999.99,
    "priceToCash": -99999.99,
    "foreignExempt": false,
    "shareDescription": "Ordinary Fully Paid",
    "numOfShares": 1356204729,
    "yieldAnnual": 0,
    "incomeStatement": [
      {
        "revenue": 59392200,
        "netIncome": -19904910,
        "period": "2022A",
        "fPeriodEndDate": 44742,
        "curCode": "AUD"
      },
      {
        "revenue": 27230990,
        "netIncome": -17639320,
        "period": "2021A",
        "fPeriodEndDate": 44377,
        "curCode": "AUD"
      },
      {
        "revenue": 7166320,
        "netIncome": -23534830,
        "period": "2020A",
        "fPeriodEndDate": 44012,
        "curCode": "AUD"
      },
      {
        "revenue": 3042590,
        "netIncome": -7731040,
        "period": "2019A",
        "fPeriodEndDate": 43646,
        "curCode": "AUD"
      }
    ]
  },
  {
    "symbol": "WTL",
    "displayName": "WT FINANCIAL GROUP LIMITED",
    "industry": "Financial Services",
    "dateListed": "2015-03-09",
    "marketCap": 29749933,
    "xid": "85346187",
    "priceChangeFiveDayPercent": 0,
    "isRecentListing": false,
    "priceAsk": 0.095,
    "priceBid": 0.09,
    "priceChange": 0,
    "priceChangePercent": 0,
    "priceLast": 0.09,
    "sector": "Financials",
    "industryGroup": "Financial Services",
    "securityType": 1,
    "volume": 220000,
    "statusCode": "",
    "isin": "AU0000065054",
    "priceClose": 0.09,
    "priceDayHigh": 0.09,
    "priceDayLow": 0.09,
    "priceFiftyTwoWeekHigh": 0.105,
    "priceFiftyTwoWeekLow": 0.071,
    "volumeAverage": 97692.3,
    "dateExDate": "2017-03-22",
    "datePayDate": "2017-04-06",
    "dateRecordDate": "2017-03-23",
    "dividend": 0.005,
    "dividendType": "I",
    "frankingPercent": 100,
    "cashFlow": -0.56898,
    "earningsPerShare": 0.00954,
    "freeCashFlowYield": 0.12599012489401082,
    "priceEarningsRatio": 9.43396,
    "priceToCash": 7.93713,
    "foreignExempt": false,
    "shareDescription": "Ordinary Fully Paid",
    "numOfShares": 330554812,
    "yieldAnnual": 0,
    "incomeStatement": [
      {
        "revenue": 101722350,
        "netIncome": 1873530,
        "period": "2022A",
        "fPeriodEndDate": 44742,
        "curCode": "AUD"
      },
      {
        "revenue": 12765460,
        "netIncome": -3287500,
        "period": "2021A",
        "fPeriodEndDate": 44377,
        "curCode": "AUD"
      },
      {
        "revenue": 12056930,
        "netIncome": -593510,
        "period": "2020A",
        "fPeriodEndDate": 44012,
        "curCode": "AUD"
      },
      {
        "revenue": 10525800,
        "netIncome": -928920,
        "period": "2019A",
        "fPeriodEndDate": 43646,
        "curCode": "AUD"
      }
    ]
  },
  {
    "symbol": "YBR",
    "displayName": "YELLOW BRICK ROAD HOLDINGS LIMITED",
    "industry": "Financial Services",
    "dateListed": "2008-01-31",
    "marketCap": 27416042,
    "xid": "9687363",
    "priceChangeFiveDayPercent": 5.000000000000004,
    "isRecentListing": false,
    "priceAsk": 0.084,
    "priceBid": 0.075,
    "priceChange": 0,
    "priceChangePercent": 0,
    "priceLast": 0.084,
    "sector": "Financials",
    "industryGroup": "Financial Services",
    "securityType": 1,
    "volume": 0,
    "statusCode": "",
    "isin": "AU000000YBR5",
    "priceClose": 0.084,
    "priceFiftyTwoWeekHigh": 0.125,
    "priceFiftyTwoWeekLow": 0.075,
    "volumeAverage": 238768.125,
    "cashFlow": -0.131,
    "earningsPerShare": -0.01204,
    "freeCashFlowYield": -0.0000100000010000001,
    "priceEarningsRatio": -99999.99,
    "priceToCash": -99999.99,
    "foreignExempt": false,
    "shareDescription": "Ordinary Fully Paid",
    "numOfShares": 326381450,
    "yieldAnnual": 0,
    "incomeStatement": [
      {
        "revenue": 308281000,
        "netIncome": -2459000,
        "period": "2022A",
        "fPeriodEndDate": 44742,
        "curCode": "AUD"
      },
      {
        "revenue": 168286000,
        "netIncome": -460000,
        "period": "2021A",
        "fPeriodEndDate": 44377,
        "curCode": "AUD"
      },
      {
        "revenue": 178923000,
        "netIncome": 5957000,
        "period": "2020A",
        "fPeriodEndDate": 44012,
        "curCode": "AUD"
      },
      {
        "revenue": 200974000,
        "netIncome": -37394000,
        "period": "2019A",
        "fPeriodEndDate": 43646,
        "curCode": "AUD"
      }
    ]
  },
  {
    "symbol": "ZIP",
    "displayName": "ZIP CO LIMITED..",
    "industry": "Financial Services",
    "dateListed": "2009-12-09",
    "marketCap": 380588603,
    "xid": "21702225",
    "priceChangeFiveDayPercent": -4.950495049504955,
    "isRecentListing": false,
    "priceAsk": 0.485,
    "priceBid": 0.48,
    "priceChange": -0.015000000000000013,
    "priceChangePercent": -3.030303030303033,
    "priceLast": 0.48,
    "sector": "Financials",
    "industryGroup": "Financial Services",
    "securityType": null,
    "volume": 6237897,
    "statusCode": "",
    "isin": "AU0000218307",
    "priceClose": 0.495,
    "priceDayHigh": 0.51,
    "priceDayLow": 0.48,
    "priceFiftyTwoWeekHigh": 1.72,
    "priceFiftyTwoWeekLow": 0.435,
    "volumeAverage": 7167709.01087,
    "cashFlow": -374.785,
    "earningsPerShare": -1.71052,
    "freeCashFlowYield": -0.0000100000010000001,
    "priceEarningsRatio": -99999.99,
    "priceToCash": -99999.99,
    "foreignExempt": false,
    "shareDescription": "Ordinary Fully Paid",
    "numOfShares": 768865865,
    "yieldAnnual": 0,
    "incomeStatement": [
      {
        "revenue": 620003000,
        "netIncome": -1105093000,
        "period": "2022A",
        "fPeriodEndDate": 44742,
        "curCode": "AUD"
      },
      {
        "revenue": 393919000,
        "netIncome": -678148000,
        "period": "2021A",
        "fPeriodEndDate": 44377,
        "curCode": "AUD"
      },
      {
        "revenue": 160177000,
        "netIncome": -19941000,
        "period": "2020A",
        "fPeriodEndDate": 44012,
        "curCode": "AUD"
      },
      {
        "revenue": 82378000,
        "netIncome": -11133000,
        "period": "2019A",
        "fPeriodEndDate": 43646,
        "curCode": "AUD"
      }
    ]
  }
]