[
  {
    "symbol": "A2B",
    "displayName": "A2B AUSTRALIA LIMITED",
    "industry": "Transportation",
    "dateListed": "1999-12-14",
    "marketCap": 152750661,
    "xid": "69318",
    "priceChangeFiveDayPercent": 3.7254901960784395,
    "isRecentListing": false,
    "priceAsk": 1.3800000000000001,
    "priceBid": 1.215,
    "priceChange": 0.0625,
    "priceChangePercent": 4.9603174603174605,
    "priceLast": 1.3225,
    "sector": "Industrials",
    "industryGroup": "Transportation",
    "securityType": 1,
    "volume": 105107,
    "statusCode": "",
    "isin": "AU0000032187",
    "priceClose": 1.26,
    "priceDayHigh": 1.3825,
    "priceDayLow": 1.295,
    "priceFiftyTwoWeekHigh": 1.49,
    "priceFiftyTwoWeekLow": 0.955,
    "volumeAverage": 57925.853933,
    "dateExDate": "2020-03-27",
    "datePayDate": "2020-04-30",
    "dateRecordDate": "2020-03-30",
    "dividend": 0.04,
    "dividendType": "I",
    "frankingPercent": 100,
    "cashFlow": -14.965,
    "earningsPerShare": -0.14593,
    "freeCashFlowYield": -0.0000100000010000001,
    "priceEarningsRatio": -99999.99,
    "priceToCash": -99999.99,
    "foreignExempt": false,
    "shareDescription": "Ordinary Fully Paid",
    "numOfShares": 121230683,
    "yieldAnnual": 0,
    "incomeStatement": [
      {
        "revenue": 126138000,
        "netIncome": -28118000,
        "period": "2022A",
        "fPeriodEndDate": 44742,
        "curCode": "AUD"
      },
      {
        "revenue": 113373000,
        "netIncome": -18274000,
        "period": "2021A",
        "fPeriodEndDate": 44377,
        "curCode": "AUD"
      },
      {
        "revenue": 170894000,
        "netIncome": -23883000,
        "period": "2020A",
        "fPeriodEndDate": 44012,
        "curCode": "AUD"
      },
      {
        "revenue": 197943000,
        "netIncome": 11822000,
        "period": "2019A",
        "fPeriodEndDate": 43646,
        "curCode": "AUD"
      }
    ]
  },
  {
    "symbol": "AIZ",
    "displayName": "AIR NEW ZEALAND LIMITED",
    "industry": "Transportation",
    "dateListed": "1997-10-01",
    "marketCap": 2391609664,
    "xid": "41981",
    "priceChangeFiveDayPercent": -4.081632653061228,
    "isRecentListing": false,
    "priceAsk": 0.71,
    "priceBid": 0.705,
    "priceChange": -0.0050000000000000044,
    "priceChangePercent": -0.7042253521126767,
    "priceLast": 0.705,
    "sector": "Industrials",
    "industryGroup": "Transportation",
    "securityType": 1,
    "volume": 445279,
    "statusCode": "",
    "isin": "NZAIRE0001S2",
    "priceClose": 0.71,
    "priceDayHigh": 0.715,
    "priceDayLow": 0.705,
    "priceFiftyTwoWeekHigh": 1.12,
    "priceFiftyTwoWeekLow": 0.47,
    "volumeAverage": 769245.73913,
    "dateExDate": "2019-09-05",
    "datePayDate": "2019-09-18",
    "dateRecordDate": "2019-09-06",
    "dividend": 0.103,
    "dividendType": "F",
    "frankingPercent": 0,
    "cashFlow": 1102,
    "earningsPerShare": -0.23698,
    "freeCashFlowYield": 0.2166992799082929,
    "priceEarningsRatio": -99999.99,
    "priceToCash": 4.61469,
    "foreignExempt": true,
    "shareDescription": "Ordinary Fully Paid Foreign Exempt Nzx",
    "numOfShares": 3368464316,
    "yieldAnnual": 0,
    "incomeStatement": [
      {
        "revenue": 2734000000,
        "netIncome": -591000000,
        "period": "2022A",
        "fPeriodEndDate": 44742,
        "curCode": "NZD"
      },
      {
        "revenue": 2517000000,
        "netIncome": -289000000,
        "period": "2021A",
        "fPeriodEndDate": 44377,
        "curCode": "NZD"
      },
      {
        "revenue": 4836000000,
        "netIncome": -454000000,
        "period": "2020A",
        "fPeriodEndDate": 44012,
        "curCode": "NZD"
      },
      {
        "revenue": 5785000000,
        "netIncome": 276000000,
        "period": "2019A",
        "fPeriodEndDate": 43646,
        "curCode": "NZD"
      }
    ]
  },
  {
    "symbol": "AQZ",
    "displayName": "ALLIANCE AVIATION SERVICES LIMITED",
    "industry": "Transportation",
    "dateListed": "2011-12-20",
    "marketCap": 560964093,
    "xid": "40437705",
    "priceChangeFiveDayPercent": -1.99430199430199,
    "isRecentListing": false,
    "priceAsk": 3.49,
    "priceBid": 3.44,
    "priceChange": -0.050000000000000266,
    "priceChangePercent": -1.432664756446999,
    "priceLast": 3.44,
    "sector": "Industrials",
    "industryGroup": "Transportation",
    "securityType": 1,
    "volume": 14001,
    "statusCode": "",
    "isin": "AU000000AQZ6",
    "priceClose": 3.49,
    "priceDayHigh": 3.48,
    "priceDayLow": 3.44,
    "priceFiftyTwoWeekHigh": 4.48,
    "priceFiftyTwoWeekLow": 2.96,
    "volumeAverage": 53039.369565,
    "dateExDate": "2019-09-16",
    "datePayDate": "2019-11-14",
    "dateRecordDate": "2019-09-17",
    "dividend": 0.088,
    "dividendType": "F",
    "frankingPercent": 100,
    "cashFlow": -44.826,
    "earningsPerShare": 0.0295,
    "freeCashFlowYield": 0.09924592942820451,
    "priceEarningsRatio": 120,
    "priceToCash": 10.07598,
    "foreignExempt": false,
    "shareDescription": "Ordinary Fully Paid",
    "numOfShares": 160734697,
    "yieldAnnual": 0,
    "incomeStatement": [
      {
        "revenue": 371305000,
        "netIncome": -5207000,
        "period": "2022A",
        "fPeriodEndDate": 44742,
        "curCode": "AUD"
      },
      {
        "revenue": 308837000,
        "netIncome": 32784000,
        "period": "2021A",
        "fPeriodEndDate": 44377,
        "curCode": "AUD"
      },
      {
        "revenue": 298708000,
        "netIncome": 26972000,
        "period": "2020A",
        "fPeriodEndDate": 44012,
        "curCode": "AUD"
      },
      {
        "revenue": 277260000,
        "netIncome": 22735000,
        "period": "2019A",
        "fPeriodEndDate": 43646,
        "curCode": "AUD"
      }
    ]
  },
  {
    "symbol": "ALX",
    "displayName": "ATLAS ARTERIA",
    "industry": "Transportation",
    "dateListed": "2010-01-25",
    "marketCap": 9691569163,
    "xid": "22399201",
    "priceChangeFiveDayPercent": -2.071005917159759,
    "isRecentListing": false,
    "priceAsk": 6.8500000000000005,
    "priceBid": 6.6000000000000005,
    "priceChange": -0.05999999999999961,
    "priceChangePercent": -0.8982035928143655,
    "priceLast": 6.62,
    "sector": "Industrials",
    "industryGroup": "Transportation",
    "securityType": 1,
    "volume": 3358824,
    "statusCode": "",
    "isin": "AU0000013559",
    "priceClose": 6.68,
    "priceDayHigh": 6.71,
    "priceDayLow": 6.62,
    "priceFiftyTwoWeekHigh": 7.80307,
    "priceFiftyTwoWeekLow": 5.92006,
    "volumeAverage": 3097278.804348,
    "dateExDate": "2022-09-21",
    "datePayDate": "2022-10-03",
    "dateRecordDate": "2022-09-23",
    "dividend": 0.2,
    "dividendType": "I",
    "frankingPercent": 0,
    "cashFlow": -314.973,
    "earningsPerShare": 0.22829,
    "freeCashFlowYield": 0.031374655427846766,
    "priceEarningsRatio": 29.56766,
    "priceToCash": 31.87286,
    "foreignExempt": false,
    "shareDescription": "Fpo Stap Us Prohibited Excluding Qup",
    "numOfShares": 1450833707,
    "yieldAnnual": 6.117824773413898,
    "incomeStatement": [
      {
        "revenue": 140369000,
        "netIncome": 241011000,
        "period": "2022A",
        "fPeriodEndDate": 44926,
        "curCode": "AUD"
      },
      {
        "revenue": 100655000,
        "netIncome": 163697000,
        "period": "2021A",
        "fPeriodEndDate": 44561,
        "curCode": "AUD"
      },
      {
        "revenue": 106650000,
        "netIncome": -99210000,
        "period": "2020A",
        "fPeriodEndDate": 44196,
        "curCode": "AUD"
      },
      {
        "revenue": 175192000,
        "netIncome": -9821000,
        "period": "2019A",
        "fPeriodEndDate": 43830,
        "curCode": "AUD"
      }
    ]
  },
  {
    "symbol": "AIA",
    "displayName": "AUCKLAND INTERNATIONAL AIRPORT LIMITED",
    "industry": "Transportation",
    "dateListed": "1999-02-22",
    "marketCap": 12016017278,
    "xid": "41465",
    "priceChangeFiveDayPercent": 2.114427860696539,
    "isRecentListing": false,
    "priceAsk": 8.24,
    "priceBid": 8.08,
    "priceChange": 0.05000000000000071,
    "priceChangePercent": 0.6127450980392244,
    "priceLast": 8.21,
    "sector": "Industrials",
    "industryGroup": "Transportation",
    "securityType": 1,
    "volume": 433022,
    "statusCode": "",
    "isin": "NZAIAE0002S6",
    "priceClose": 8.16,
    "priceDayHigh": 8.21,
    "priceDayLow": 8.1,
    "priceFiftyTwoWeekHigh": 8.29,
    "priceFiftyTwoWeekLow": 6.24,
    "volumeAverage": 615811.945652,
    "dateExDate": "2019-10-03",
    "datePayDate": "2019-10-18",
    "dateRecordDate": "2019-10-04",
    "dividend": 0.1053,
    "dividendType": "F",
    "frankingPercent": 0,
    "cashFlow": -93.6,
    "earningsPerShare": 0.05948,
    "freeCashFlowYield": 0.016529756205931674,
    "priceEarningsRatio": 148.9576,
    "priceToCash": 60.49696,
    "foreignExempt": true,
    "shareDescription": "Ordinary Fully Paid Foreign Exempt Nzx",
    "numOfShares": 1472551137,
    "yieldAnnual": 0,
    "incomeStatement": [
      {
        "revenue": 300300000,
        "netIncome": 191600000,
        "period": "2022A",
        "fPeriodEndDate": 44742,
        "curCode": "NZD"
      },
      {
        "revenue": 281100000,
        "netIncome": 464200000,
        "period": "2021A",
        "fPeriodEndDate": 44377,
        "curCode": "NZD"
      },
      {
        "revenue": 567000000,
        "netIncome": 193900000,
        "period": "2020A",
        "fPeriodEndDate": 44012,
        "curCode": "NZD"
      },
      {
        "revenue": 743400000,
        "netIncome": 523500000,
        "period": "2019A",
        "fPeriodEndDate": 43646,
        "curCode": "NZD"
      }
    ]
  },
  {
    "symbol": "AZJ",
    "displayName": "AURIZON HOLDINGS LIMITED",
    "industry": "Transportation",
    "dateListed": "2010-11-22",
    "marketCap": 6055916101,
    "xid": "26900786",
    "priceChangeFiveDayPercent": 3.3846153846153806,
    "isRecentListing": false,
    "priceAsk": 3.38,
    "priceBid": 3.35,
    "priceChange": 0.06999999999999984,
    "priceChangePercent": 2.12765957446808,
    "priceLast": 3.36,
    "sector": "Industrials",
    "industryGroup": "Transportation",
    "securityType": 1,
    "volume": 10029456,
    "statusCode": "XD",
    "isin": "AU000000AZJ1",
    "priceClose": 3.29,
    "priceDayHigh": 3.37,
    "priceDayLow": 3.29,
    "priceFiftyTwoWeekHigh": 4.245,
    "priceFiftyTwoWeekLow": 3.225,
    "volumeAverage": 8499545.163043,
    "dateExDate": "2023-02-27",
    "datePayDate": "2023-03-29",
    "dateRecordDate": "2023-02-28",
    "dividend": 0.07,
    "dividendType": "I",
    "frankingPercent": 100,
    "cashFlow": 1.2,
    "earningsPerShare": 0.20991,
    "freeCashFlowYield": 0.16637855446984307,
    "priceEarningsRatio": 15.76866,
    "priceToCash": 6.01039,
    "foreignExempt": false,
    "shareDescription": "Ordinary Fully Paid",
    "numOfShares": 1840703982,
    "yieldAnnual": 5.327380952380952,
    "incomeStatement": [
      {
        "revenue": 3047900000,
        "netIncome": 513000000,
        "period": "2022A",
        "fPeriodEndDate": 44742,
        "curCode": "AUD"
      },
      {
        "revenue": 3005900000,
        "netIncome": 730300000,
        "period": "2021A",
        "fPeriodEndDate": 44377,
        "curCode": "AUD"
      },
      {
        "revenue": 3061600000,
        "netIncome": 615900000,
        "period": "2020A",
        "fPeriodEndDate": 44012,
        "curCode": "AUD"
      },
      {
        "revenue": 2905200000,
        "netIncome": 476500000,
        "period": "2019A",
        "fPeriodEndDate": 43646,
        "curCode": "AUD"
      }
    ]
  },
  {
    "symbol": "CHL",
    "displayName": "CAMPLIFY HOLDINGS LIMITED",
    "industry": "Transportation",
    "dateListed": "2021-06-28",
    "marketCap": 132636298,
    "xid": "661250252",
    "priceChangeFiveDayPercent": -4.0000000000000036,
    "isRecentListing": false,
    "priceAsk": 1.95,
    "priceBid": 1.915,
    "priceChange": 0.009999999999999787,
    "priceChangePercent": 0.5235602094240726,
    "priceLast": 1.92,
    "sector": "Industrials",
    "industryGroup": "Transportation",
    "securityType": 1,
    "volume": 26320,
    "statusCode": "",
    "isin": "AU0000153991",
    "priceClose": 1.9100000000000001,
    "priceDayHigh": 1.92,
    "priceDayLow": 1.92,
    "priceFiftyTwoWeekHigh": 3,
    "priceFiftyTwoWeekLow": 1.6,
    "volumeAverage": 20874.326087,
    "cashFlow": -3.98609,
    "earningsPerShare": -0.21055,
    "freeCashFlowYield": -0.0000100000010000001,
    "priceEarningsRatio": -99999.99,
    "priceToCash": -99999.99,
    "foreignExempt": false,
    "shareDescription": "Ordinary Fully Paid",
    "numOfShares": 69443088,
    "yieldAnnual": 0,
    "incomeStatement": [
      {
        "revenue": 16357470,
        "netIncome": -8164680,
        "period": "2022A",
        "fPeriodEndDate": 44742,
        "curCode": "AUD"
      },
      {
        "revenue": 8459540,
        "netIncome": -2064000,
        "period": "2021A",
        "fPeriodEndDate": 44377,
        "curCode": "AUD"
      },
      {
        "revenue": 2891350,
        "netIncome": -2312430,
        "period": "2020A",
        "fPeriodEndDate": 44012,
        "curCode": "AUD"
      },
      {
        "revenue": 1637340,
        "netIncome": -1635120,
        "period": "2019A",
        "fPeriodEndDate": 43646,
        "curCode": "AUD"
      }
    ]
  },
  {
    "symbol": "CL8",
    "displayName": "CARLY HOLDINGS LIMITED",
    "industry": "Transportation",
    "dateListed": "1996-09-09",
    "marketCap": 4087408,
    "xid": "630588434",
    "priceChangeFiveDayPercent": -4.761904761904765,
    "isRecentListing": false,
    "priceAsk": 0.022,
    "priceBid": 0.02,
    "priceChange": 0,
    "priceChangePercent": 0,
    "priceLast": 0.02,
    "sector": "Industrials",
    "industryGroup": "Transportation",
    "securityType": 1,
    "volume": 0,
    "statusCode": "",
    "isin": "AU000000CL86",
    "priceClose": 0.02,
    "priceFiftyTwoWeekHigh": 0.04232,
    "priceFiftyTwoWeekLow": 0.017,
    "volumeAverage": 184340.934783,
    "cashFlow": -2.02445,
    "earningsPerShare": -0.0208,
    "freeCashFlowYield": -0.0000100000010000001,
    "priceEarningsRatio": -99999.99,
    "priceToCash": -99999.99,
    "foreignExempt": false,
    "shareDescription": "Ordinary Fully Paid",
    "numOfShares": 204370391,
    "yieldAnnual": 0,
    "incomeStatement": [
      {
        "revenue": 1253760,
        "netIncome": -3007510,
        "period": "2022A",
        "fPeriodEndDate": 44742,
        "curCode": "AUD"
      },
      {
        "revenue": 996840,
        "netIncome": -3356580,
        "period": "2021A",
        "fPeriodEndDate": 44377,
        "curCode": "AUD"
      },
      {
        "revenue": 1196200,
        "netIncome": -5370290,
        "period": "2020A",
        "fPeriodEndDate": 44012,
        "curCode": "AUD"
      },
      {
        "revenue": 1034210,
        "netIncome": -3235750,
        "period": "2019A",
        "fPeriodEndDate": 43646,
        "curCode": "AUD"
      }
    ]
  },
  {
    "symbol": "CLX",
    "displayName": "CTI LOGISTICS LIMITED",
    "industry": "Transportation",
    "dateListed": "1987-12-02",
    "marketCap": 125831026,
    "xid": "77209",
    "priceChangeFiveDayPercent": -1.5772870662460512,
    "isRecentListing": false,
    "priceAsk": 1.59,
    "priceBid": 1.56,
    "priceChange": -0.030000000000000027,
    "priceChangePercent": -1.8867924528301903,
    "priceLast": 1.56,
    "sector": "Industrials",
    "industryGroup": "Transportation",
    "securityType": 1,
    "volume": 22436,
    "statusCode": "XD",
    "isin": "AU000000CLX8",
    "priceClose": 1.59,
    "priceDayHigh": 1.58,
    "priceDayLow": 1.56,
    "priceFiftyTwoWeekHigh": 2.2,
    "priceFiftyTwoWeekLow": 0.86,
    "volumeAverage": 24179.204545,
    "dateExDate": "2023-03-01",
    "datePayDate": "2023-04-06",
    "dateRecordDate": "2023-03-02",
    "dividend": 0.05,
    "dividendType": "I",
    "frankingPercent": 100,
    "cashFlow": 28.30884,
    "earningsPerShare": 0.26252,
    "freeCashFlowYield": 0.3609756449732337,
    "priceEarningsRatio": 5.9805,
    "priceToCash": 2.77027,
    "foreignExempt": false,
    "shareDescription": "Ordinary Fully Paid",
    "numOfShares": 79139010,
    "yieldAnnual": 5.769230769230769,
    "incomeStatement": [
      {
        "revenue": 283231580,
        "netIncome": 15189660,
        "period": "2022A",
        "fPeriodEndDate": 44742,
        "curCode": "AUD"
      },
      {
        "revenue": 239044250,
        "netIncome": 8168700,
        "period": "2021A",
        "fPeriodEndDate": 44377,
        "curCode": "AUD"
      },
      {
        "revenue": 215209360,
        "netIncome": -4348840,
        "period": "2020A",
        "fPeriodEndDate": 44012,
        "curCode": "AUD"
      },
      {
        "revenue": 212030560,
        "netIncome": 788070,
        "period": "2019A",
        "fPeriodEndDate": 43646,
        "curCode": "AUD"
      }
    ]
  },
  {
    "symbol": "DBI",
    "displayName": "DALRYMPLE BAY INFRASTRUCTURE LIMITED",
    "industry": "Transportation",
    "dateListed": "2020-12-08",
    "marketCap": 1303853184,
    "xid": "631117194",
    "priceChangeFiveDayPercent": 5.199999999999996,
    "isRecentListing": false,
    "priceAsk": 2.64,
    "priceBid": 2.61,
    "priceChange": 0,
    "priceChangePercent": 0,
    "priceLast": 2.63,
    "sector": "Industrials",
    "industryGroup": "Transportation",
    "securityType": 6,
    "volume": 355128,
    "statusCode": "XD",
    "isin": "AU0000120628",
    "priceClose": 2.63,
    "priceDayHigh": 2.6350000000000002,
    "priceDayLow": 2.61,
    "priceFiftyTwoWeekHigh": 2.65,
    "priceFiftyTwoWeekLow": 1.925,
    "volumeAverage": 439479.152174,
    "dateExDate": "2023-03-02",
    "datePayDate": "2023-03-21",
    "dateRecordDate": "2023-03-03",
    "dividend": 0.0503,
    "dividendType": "F",
    "frankingPercent": 0,
    "cashFlow": 113.362,
    "earningsPerShare": 0.13913,
    "freeCashFlowYield": 0.08326013379903502,
    "priceEarningsRatio": 18.90318,
    "priceToCash": 12.01055,
    "foreignExempt": false,
    "shareDescription": "Fully Paid Ordinary/notes Stapled Securities",
    "numOfShares": 495761667,
    "yieldAnnual": 0,
    "incomeStatement": [
      {
        "revenue": 626361000,
        "netIncome": 68974000,
        "period": "2022A",
        "fPeriodEndDate": 44926,
        "curCode": "AUD"
      },
      {
        "revenue": 505253000,
        "netIncome": 129077000,
        "period": "2021A",
        "fPeriodEndDate": 44561,
        "curCode": "AUD"
      },
      {
        "revenue": 23469000,
        "netIncome": -113208000,
        "period": "2020A",
        "fPeriodEndDate": 44196,
        "curCode": "AUD"
      },
      {
        "revenue": 442500000,
        "netIncome": 95800000,
        "period": "2019A",
        "fPeriodEndDate": 43830,
        "curCode": "AUD"
      }
    ]
  },
  {
    "symbol": "HT8",
    "displayName": "HARRIS TECHNOLOGY GROUP LIMITED",
    "industry": "Transportation",
    "dateListed": "1999-06-24",
    "marketCap": 3877841,
    "xid": "263319",
    "priceChangeFiveDayPercent": -7.142857142857137,
    "isRecentListing": false,
    "priceAsk": 0.014,
    "priceBid": 0.013000000000000001,
    "priceChange": 0,
    "priceChangePercent": 0,
    "priceLast": 0.013000000000000001,
    "sector": "Consumer Discretionary",
    "industryGroup": "Consumer Discretionary Distribution & Retail",
    "securityType": 1,
    "volume": 0,
    "statusCode": "",
    "isin": "AU000000HT83",
    "priceClose": 0.013000000000000001,
    "priceFiftyTwoWeekHigh": 0.062,
    "priceFiftyTwoWeekLow": 0.013,
    "volumeAverage": 206517.861538,
    "cashFlow": 1.64994,
    "earningsPerShare": -0.01288,
    "freeCashFlowYield": -0.0000100000010000001,
    "priceEarningsRatio": -99999.99,
    "priceToCash": -99999.99,
    "foreignExempt": false,
    "shareDescription": "Ordinary Fully Paid",
    "numOfShares": 298295481,
    "yieldAnnual": 0,
    "incomeStatement": [
      {
        "revenue": 50296600,
        "netIncome": -1464740,
        "period": "2022A",
        "fPeriodEndDate": 44742,
        "curCode": "AUD"
      },
      {
        "revenue": 41860610,
        "netIncome": 1753420,
        "period": "2021A",
        "fPeriodEndDate": 44377,
        "curCode": "AUD"
      },
      {
        "revenue": 14314660,
        "netIncome": 1009520,
        "period": "2020A",
        "fPeriodEndDate": 44012,
        "curCode": "AUD"
      },
      {
        "revenue": 9016680,
        "netIncome": -2202650,
        "period": "2019A",
        "fPeriodEndDate": 43646,
        "curCode": "AUD"
      }
    ]
  },
  {
    "symbol": "JAY",
    "displayName": "JAYRIDE GROUP LIMITED",
    "industry": "Transportation",
    "dateListed": "2018-01-29",
    "marketCap": 28397292,
    "xid": "445460642",
    "priceChangeFiveDayPercent": -6.6666666666666545,
    "isRecentListing": false,
    "priceAsk": 0.165,
    "priceBid": 0.14,
    "priceChange": 0,
    "priceChangePercent": 0,
    "priceLast": 0.14,
    "sector": "Industrials",
    "industryGroup": "Transportation",
    "securityType": 1,
    "volume": 0,
    "statusCode": "",
    "isin": "AU000000JAY4",
    "priceClose": 0.14,
    "priceFiftyTwoWeekHigh": 0.23,
    "priceFiftyTwoWeekLow": 0.13,
    "volumeAverage": 36165.844828,
    "cashFlow": -4.93112,
    "earningsPerShare": -0.02947,
    "freeCashFlowYield": -0.0000100000010000001,
    "priceEarningsRatio": -99999.99,
    "priceToCash": -99999.99,
    "foreignExempt": false,
    "shareDescription": "Ordinary Fully Paid",
    "numOfShares": 202837802,
    "yieldAnnual": 0,
    "incomeStatement": [
      {
        "revenue": 2559580,
        "netIncome": -5099400,
        "period": "2022A",
        "fPeriodEndDate": 44742,
        "curCode": "AUD"
      },
      {
        "revenue": 759410,
        "netIncome": -4488840,
        "period": "2021A",
        "fPeriodEndDate": 44377,
        "curCode": "AUD"
      },
      {
        "revenue": 3236260,
        "netIncome": -7088800,
        "period": "2020A",
        "fPeriodEndDate": 44012,
        "curCode": "AUD"
      },
      {
        "revenue": 3280500,
        "netIncome": -8201110,
        "period": "2019A",
        "fPeriodEndDate": 43646,
        "curCode": "AUD"
      }
    ]
  },
  {
    "symbol": "KSC",
    "displayName": "K & S CORPORATION LIMITED",
    "industry": "Transportation",
    "dateListed": "1971-08-25",
    "marketCap": 350333396,
    "xid": "179931",
    "priceChangeFiveDayPercent": 2.7999999999999936,
    "isRecentListing": false,
    "priceAsk": 2.65,
    "priceBid": 1.925,
    "priceChange": 0.009999999999999787,
    "priceChangePercent": 0.3906249999999917,
    "priceLast": 2.57,
    "sector": "Industrials",
    "industryGroup": "Transportation",
    "securityType": 1,
    "volume": 853,
    "statusCode": "XD",
    "isin": "AU000000KSC0",
    "priceClose": 2.56,
    "priceDayHigh": 2.58,
    "priceDayLow": 2.57,
    "priceFiftyTwoWeekHigh": 2.65,
    "priceFiftyTwoWeekLow": 1.65,
    "volumeAverage": 9812.318182,
    "dateExDate": "2023-03-21",
    "datePayDate": "2023-04-03",
    "dateRecordDate": "2023-03-22",
    "dividend": 0.1,
    "dividendType": "I",
    "frankingPercent": 100,
    "cashFlow": 26.622,
    "earningsPerShare": 0.19219,
    "freeCashFlowYield": 0.20008363495941303,
    "priceEarningsRatio": 13.32015,
    "priceToCash": 4.99791,
    "foreignExempt": false,
    "shareDescription": "Ordinary Fully Paid",
    "numOfShares": 136848983,
    "yieldAnnual": 5.836575875486382,
    "incomeStatement": [
      {
        "revenue": 776181000,
        "netIncome": 17425000,
        "period": "2022A",
        "fPeriodEndDate": 44742,
        "curCode": "AUD"
      },
      {
        "revenue": 688541000,
        "netIncome": 18123000,
        "period": "2021A",
        "fPeriodEndDate": 44377,
        "curCode": "AUD"
      },
      {
        "revenue": 790639000,
        "netIncome": 11128000,
        "period": "2020A",
        "fPeriodEndDate": 44012,
        "curCode": "AUD"
      },
      {
        "revenue": 905207000,
        "netIncome": 2321000,
        "period": "2019A",
        "fPeriodEndDate": 43646,
        "curCode": "AUD"
      }
    ]
  },
  {
    "symbol": "KLS",
    "displayName": "KELSIAN GROUP LIMITED",
    "industry": "Transportation",
    "dateListed": "2013-10-16",
    "marketCap": 1300323627,
    "xid": "68502887",
    "priceChangeFiveDayPercent": -5.514927683806978,
    "isRecentListing": false,
    "priceAsk": 6.0600000000000005,
    "priceBid": 5.9,
    "priceChange": -0.03000000000000025,
    "priceChangePercent": -0.5042016806722731,
    "priceLast": 5.92,
    "sector": "Industrials",
    "industryGroup": "Transportation",
    "securityType": 1,
    "volume": 617279,
    "statusCode": "XE",
    "isin": "AU0000186678",
    "priceClose": 5.95,
    "priceDayHigh": 6.03,
    "priceDayLow": 5.8500000000000005,
    "priceFiftyTwoWeekHigh": 7.96267,
    "priceFiftyTwoWeekLow": 4.26254,
    "volumeAverage": 354918.954635,
    "dateExDate": "2023-03-02",
    "datePayDate": "2023-03-17",
    "dateRecordDate": "2023-03-03",
    "dividend": 0.075,
    "dividendType": "I",
    "frankingPercent": 100,
    "cashFlow": 23.593,
    "earningsPerShare": 0.22013,
    "freeCashFlowYield": 0.10425289249650233,
    "priceEarningsRatio": 26.34807,
    "priceToCash": 9.59206,
    "foreignExempt": false,
    "shareDescription": "Ordinary Fully Paid",
    "numOfShares": 218541786,
    "yieldAnnual": 2.8716216216216215,
    "incomeStatement": [
      {
        "revenue": 1324808000,
        "netIncome": 52910000,
        "period": "2022A",
        "fPeriodEndDate": 44742,
        "curCode": "AUD"
      },
      {
        "revenue": 1173302000,
        "netIncome": 37798000,
        "period": "2021A",
        "fPeriodEndDate": 44377,
        "curCode": "AUD"
      },
      {
        "revenue": 624130000,
        "netIncome": -13572000,
        "period": "2020A",
        "fPeriodEndDate": 44012,
        "curCode": "AUD"
      },
      {
        "revenue": 248817000,
        "netIncome": 21543000,
        "period": "2019A",
        "fPeriodEndDate": 43646,
        "curCode": "AUD"
      }
    ]
  },
  {
    "symbol": "LAU",
    "displayName": "LINDSAY AUSTRALIA LIMITED",
    "industry": "Transportation",
    "dateListed": "1994-07-05",
    "marketCap": 284608766,
    "xid": "181455",
    "priceChangeFiveDayPercent": 14.375,
    "isRecentListing": false,
    "priceAsk": 0.9400000000000001,
    "priceBid": 0.91,
    "priceChange": -0.025000000000000022,
    "priceChangePercent": -2.6595744680851086,
    "priceLast": 0.915,
    "sector": "Industrials",
    "industryGroup": "Transportation",
    "securityType": 1,
    "volume": 283342,
    "statusCode": "CD",
    "isin": "AU000000LAU8",
    "priceClose": 0.9400000000000001,
    "priceDayHigh": 0.9400000000000001,
    "priceDayLow": 0.895,
    "priceFiftyTwoWeekHigh": 0.955,
    "priceFiftyTwoWeekLow": 0.37,
    "volumeAverage": 411729.956522,
    "dateExDate": "2023-03-30",
    "datePayDate": "2023-04-14",
    "dateRecordDate": "2023-03-31",
    "dividend": 0.019,
    "dividendType": "I",
    "frankingPercent": 0,
    "cashFlow": 45.187,
    "earningsPerShare": 0.07884,
    "freeCashFlowYield": 0.2384495059326237,
    "priceEarningsRatio": 11.16185,
    "priceToCash": 4.19376,
    "foreignExempt": false,
    "shareDescription": "Ordinary Fully Paid",
    "numOfShares": 302775283,
    "yieldAnnual": 4.043715846994536,
    "incomeStatement": [
      {
        "revenue": 557659000,
        "netIncome": 19230000,
        "period": "2022A",
        "fPeriodEndDate": 44742,
        "curCode": "AUD"
      },
      {
        "revenue": 440293000,
        "netIncome": 1254000,
        "period": "2021A",
        "fPeriodEndDate": 44377,
        "curCode": "AUD"
      },
      {
        "revenue": 415110000,
        "netIncome": 5322000,
        "period": "2020A",
        "fPeriodEndDate": 44012,
        "curCode": "AUD"
      },
      {
        "revenue": 389823000,
        "netIncome": 8879000,
        "period": "2019A",
        "fPeriodEndDate": 43646,
        "curCode": "AUD"
      }
    ]
  },
  {
    "symbol": "MOV",
    "displayName": "MOVE LOGISTICS GROUP LIMITED",
    "industry": "Transportation",
    "dateListed": "2022-07-01",
    "marketCap": 119876683,
    "xid": "723294411",
    "priceChangeFiveDayPercent": 0,
    "isRecentListing": false,
    "priceBid": 1.04,
    "priceChange": 0,
    "priceChangePercent": 0,
    "priceLast": 1.03,
    "sector": "Industrials",
    "industryGroup": "Transportation",
    "securityType": 1,
    "volume": 400000,
    "statusCode": "",
    "isin": "NZMOWE0001S5",
    "priceClose": 1.03,
    "priceFiftyTwoWeekHigh": 1.28,
    "priceFiftyTwoWeekLow": 1,
    "volumeAverage": 38083.736842,
    "cashFlow": 23.468,
    "earningsPerShare": -0.04902,
    "freeCashFlowYield": 0.3165248107972944,
    "priceEarningsRatio": -99999.99,
    "priceToCash": 3.15931,
    "foreignExempt": true,
    "shareDescription": "Ordinary Fully Paid Foreign Exempt Nzx",
    "numOfShares": 116385129,
    "yieldAnnual": 0,
    "incomeStatement": [
      {
        "revenue": 345782000,
        "netIncome": -4208000,
        "period": "2022A",
        "fPeriodEndDate": 44742,
        "curCode": "NZD"
      },
      {
        "revenue": 328947000,
        "netIncome": 869000,
        "period": "2021A",
        "fPeriodEndDate": 44377,
        "curCode": "NZD"
      },
      {
        "revenue": 333811000,
        "netIncome": 2015000,
        "period": "2020A",
        "fPeriodEndDate": 44012,
        "curCode": "NZD"
      },
      {
        "revenue": 355139000,
        "netIncome": 4004000,
        "period": "2019A",
        "fPeriodEndDate": 43646,
        "curCode": "NZD"
      }
    ]
  },
  {
    "symbol": "QAN",
    "displayName": "QANTAS AIRWAYS LIMITED",
    "industry": "Transportation",
    "dateListed": "1995-07-31",
    "marketCap": 11300845396,
    "xid": "237135",
    "priceChangeFiveDayPercent": -0.9389671361502286,
    "isRecentListing": false,
    "priceAsk": 6.34,
    "priceBid": 6.3100000000000005,
    "priceChange": 0.11000000000000032,
    "priceChangePercent": 1.7684887459807126,
    "priceLast": 6.33,
    "sector": "Industrials",
    "industryGroup": "Transportation",
    "securityType": 1,
    "volume": 7854348,
    "statusCode": "",
    "isin": "AU000000QAN2",
    "priceClose": 6.22,
    "priceDayHigh": 6.36,
    "priceDayLow": 6.25,
    "priceFiftyTwoWeekHigh": 6.87,
    "priceFiftyTwoWeekLow": 4.21,
    "volumeAverage": 8182294.25,
    "dateExDate": "2019-09-02",
    "datePayDate": "2019-09-23",
    "dateRecordDate": "2019-09-03",
    "dividend": 0.13,
    "dividendType": "F",
    "frankingPercent": 100,
    "cashFlow": 4023,
    "earningsPerShare": 0.31285,
    "freeCashFlowYield": 0.20365686262529992,
    "priceEarningsRatio": 20.68084,
    "priceToCash": 4.91022,
    "foreignExempt": false,
    "shareDescription": "Ordinary Fully Paid",
    "numOfShares": 1816856173,
    "yieldAnnual": 0,
    "incomeStatement": [
      {
        "revenue": 9108000000,
        "netIncome": -860000000,
        "period": "2022A",
        "fPeriodEndDate": 44742,
        "curCode": "AUD"
      },
      {
        "revenue": 5934000000,
        "netIncome": -1692000000,
        "period": "2021A",
        "fPeriodEndDate": 44377,
        "curCode": "AUD"
      },
      {
        "revenue": 14045000000,
        "netIncome": -1964000000,
        "period": "2020A",
        "fPeriodEndDate": 44012,
        "curCode": "AUD"
      },
      {
        "revenue": 17966000000,
        "netIncome": 840000000,
        "period": "2019A",
        "fPeriodEndDate": 43646,
        "curCode": "AUD"
      }
    ]
  },
  {
    "symbol": "QUB",
    "displayName": "QUBE HOLDINGS LIMITED",
    "industry": "Transportation",
    "dateListed": "2007-01-04",
    "marketCap": 5261972322,
    "xid": "6189677",
    "priceChangeFiveDayPercent": 0.6688963210702347,
    "isRecentListing": false,
    "priceAsk": 3.02,
    "priceBid": 3,
    "priceChange": 0.03000000000000025,
    "priceChangePercent": 1.0067114093959815,
    "priceLast": 3.0100000000000002,
    "sector": "Industrials",
    "industryGroup": "Transportation",
    "securityType": 1,
    "volume": 2117140,
    "statusCode": "XD",
    "isin": "AU000000QUB5",
    "priceClose": 2.98,
    "priceDayHigh": 3.0300000000000002,
    "priceDayLow": 2.98,
    "priceFiftyTwoWeekHigh": 3.33,
    "priceFiftyTwoWeekLow": 2.43,
    "volumeAverage": 3261486.836957,
    "dateExDate": "2023-03-07",
    "datePayDate": "2023-04-13",
    "dateRecordDate": "2023-03-08",
    "dividend": 0.0375,
    "dividendType": "I",
    "frankingPercent": 100,
    "cashFlow": -454,
    "earningsPerShare": 0.09261,
    "freeCashFlowYield": 0.08257842886281246,
    "priceEarningsRatio": 32.50189,
    "priceToCash": 12.1097,
    "foreignExempt": false,
    "shareDescription": "Ordinary Fully Paid",
    "numOfShares": 1765762524,
    "yieldAnnual": 2.574750830564784,
    "incomeStatement": [
      {
        "revenue": 2483300000,
        "netIncome": 127500000,
        "period": "2022A",
        "fPeriodEndDate": 44742,
        "curCode": "AUD"
      },
      {
        "revenue": 1951500000,
        "netIncome": 91600000,
        "period": "2021A",
        "fPeriodEndDate": 44377,
        "curCode": "AUD"
      },
      {
        "revenue": 1822500000,
        "netIncome": 87500000,
        "period": "2020A",
        "fPeriodEndDate": 44012,
        "curCode": "AUD"
      },
      {
        "revenue": 1667100000,
        "netIncome": 196600000,
        "period": "2019A",
        "fPeriodEndDate": 43646,
        "curCode": "AUD"
      }
    ]
  },
  {
    "symbol": "REX",
    "displayName": "REGIONAL EXPRESS HOLDINGS LIMITED",
    "industry": "Transportation",
    "dateListed": "2005-11-09",
    "marketCap": 157333154,
    "xid": "3494643",
    "priceChangeFiveDayPercent": -4.5296167247386725,
    "isRecentListing": false,
    "priceAsk": 1.4000000000000001,
    "priceBid": 1.28,
    "priceChange": -0.039999999999999813,
    "priceChangePercent": -2.8368794326241003,
    "priceLast": 1.37,
    "sector": "Industrials",
    "industryGroup": "Transportation",
    "securityType": 1,
    "volume": 14747,
    "statusCode": "",
    "isin": "AU000000REX1",
    "priceClose": 1.41,
    "priceDayHigh": 1.385,
    "priceDayLow": 1.35,
    "priceFiftyTwoWeekHigh": 1.555,
    "priceFiftyTwoWeekLow": 1.005,
    "volumeAverage": 31953.163043,
    "dateExDate": "2019-09-24",
    "datePayDate": "2019-10-16",
    "dateRecordDate": "2019-09-25",
    "dividend": 0.08,
    "dividendType": "F",
    "frankingPercent": 100,
    "cashFlow": 52.104,
    "earningsPerShare": -0.23149,
    "freeCashFlowYield": 0.1448582561963119,
    "priceEarningsRatio": -99999.99,
    "priceToCash": 6.9033,
    "foreignExempt": false,
    "shareDescription": "Ordinary Fully Paid",
    "numOfShares": 111583797,
    "yieldAnnual": 0,
    "incomeStatement": [
      {
        "revenue": 287171000,
        "netIncome": -46141000,
        "period": "2022A",
        "fPeriodEndDate": 44742,
        "curCode": "AUD"
      },
      {
        "revenue": 168726000,
        "netIncome": -3859000,
        "period": "2021A",
        "fPeriodEndDate": 44377,
        "curCode": "AUD"
      },
      {
        "revenue": 259725000,
        "netIncome": -19397000,
        "period": "2020A",
        "fPeriodEndDate": 44012,
        "curCode": "AUD"
      },
      {
        "revenue": 317649000,
        "netIncome": 17517000,
        "period": "2019A",
        "fPeriodEndDate": 43646,
        "curCode": "AUD"
      }
    ]
  },
  {
    "symbol": "SRH",
    "displayName": "SAFEROADS HOLDINGS LIMITED",
    "industry": "Transportation",
    "dateListed": "2005-12-15",
    "marketCap": 4495414,
    "xid": "3746898",
    "priceChangeFiveDayPercent": 0,
    "isRecentListing": false,
    "priceAsk": 0.13,
    "priceBid": 0.12,
    "priceChange": 0,
    "priceChangePercent": 0,
    "priceLast": 0.12,
    "sector": "Industrials",
    "industryGroup": "Transportation",
    "securityType": 1,
    "volume": 0,
    "statusCode": "",
    "isin": "AU000000SRH4",
    "priceClose": 0.12,
    "priceFiftyTwoWeekHigh": 0.195,
    "priceFiftyTwoWeekLow": 0.12,
    "volumeAverage": 20936.533333,
    "dateExDate": "2020-11-10",
    "datePayDate": "2020-11-19",
    "dateRecordDate": "2020-11-11",
    "dividend": 0.01,
    "dividendType": "I",
    "frankingPercent": 100,
    "cashFlow": 1.14628,
    "earningsPerShare": 0.00996,
    "freeCashFlowYield": 0.44096765943185734,
    "priceEarningsRatio": 12.04819,
    "priceToCash": 2.26774,
    "foreignExempt": false,
    "shareDescription": "Ordinary Fully Paid",
    "numOfShares": 37461783,
    "yieldAnnual": 0,
    "incomeStatement": [
      {
        "revenue": 12349420,
        "netIncome": 64290,
        "period": "2022A",
        "fPeriodEndDate": 44742,
        "curCode": "AUD"
      },
      {
        "revenue": 13250180,
        "netIncome": 535170,
        "period": "2021A",
        "fPeriodEndDate": 44377,
        "curCode": "AUD"
      },
      {
        "revenue": 16496950,
        "netIncome": 521030,
        "period": "2020A",
        "fPeriodEndDate": 44012,
        "curCode": "AUD"
      },
      {
        "revenue": 17946570,
        "netIncome": -41590,
        "period": "2019A",
        "fPeriodEndDate": 43646,
        "curCode": "AUD"
      }
    ]
  },
  {
    "symbol": "SLH",
    "displayName": "SILK LOGISTICS HOLDINGS LIMITED",
    "industry": "Transportation",
    "dateListed": "2021-07-09",
    "marketCap": 186441315,
    "xid": "663285454",
    "priceChangeFiveDayPercent": -2.109704641350222,
    "isRecentListing": false,
    "priceAsk": 2.35,
    "priceBid": 2.32,
    "priceChange": -0.040000000000000036,
    "priceChangePercent": -1.6949152542372898,
    "priceLast": 2.32,
    "sector": "Industrials",
    "industryGroup": "Transportation",
    "securityType": 1,
    "volume": 15080,
    "statusCode": "XD",
    "isin": "AU0000157083",
    "priceClose": 2.36,
    "priceDayHigh": 2.38,
    "priceDayLow": 2.32,
    "priceFiftyTwoWeekHigh": 2.68,
    "priceFiftyTwoWeekLow": 1.835,
    "volumeAverage": 49498.315217,
    "dateExDate": "2023-03-02",
    "datePayDate": "2023-03-31",
    "dateRecordDate": "2023-03-03",
    "dividend": 0.0527,
    "dividendType": "I",
    "frankingPercent": 100,
    "cashFlow": 54.603,
    "earningsPerShare": 0.23801,
    "freeCashFlowYield": 0.3324545451523141,
    "priceEarningsRatio": 10.29369,
    "priceToCash": 3.00793,
    "foreignExempt": false,
    "shareDescription": "Ordinary Fully Paid",
    "numOfShares": 79000557,
    "yieldAnnual": 0,
    "incomeStatement": [
      {
        "revenue": 394731000,
        "netIncome": 13357000,
        "period": "2022A",
        "fPeriodEndDate": 44738,
        "curCode": "AUD"
      },
      {
        "revenue": 323312000,
        "netIncome": 8389000,
        "period": "2021A",
        "fPeriodEndDate": 44374,
        "curCode": "AUD"
      },
      {
        "revenue": 251492000,
        "netIncome": -4324000,
        "period": "2020A",
        "fPeriodEndDate": 44010,
        "curCode": "AUD"
      },
      {
        "revenue": 194830000,
        "netIncome": -789000,
        "period": "2019A",
        "fPeriodEndDate": 43646,
        "curCode": "AUD"
      }
    ]
  },
  {
    "symbol": "THL",
    "displayName": "TOURISM HOLDINGS RENTALS LIMITED",
    "industry": "Transportation",
    "dateListed": "2022-12-02",
    "marketCap": 791849865,
    "xid": "716046868",
    "priceChangeFiveDayPercent": -2.702702702702705,
    "isRecentListing": true,
    "priceAsk": 3.8000000000000003,
    "priceBid": 3.5500000000000003,
    "priceChange": -0.10000000000000009,
    "priceChangePercent": -2.702702702702705,
    "priceLast": 3.6,
    "sector": "Industrials",
    "industryGroup": "Transportation",
    "securityType": 1,
    "volume": 25006,
    "statusCode": "",
    "isin": "NZHELE0001S9",
    "priceClose": 3.7,
    "priceDayHigh": 3.71,
    "priceDayLow": 3.6,
    "priceFiftyTwoWeekHigh": 3.86,
    "priceFiftyTwoWeekLow": 3.15,
    "cashFlow": -57.472,
    "earningsPerShare": 0.16961,
    "freeCashFlowYield": 0.09415637302118614,
    "priceEarningsRatio": 23.93727,
    "priceToCash": 10.62063,
    "foreignExempt": true,
    "shareDescription": "Ordinary Fully Paid Foreign Exempt Nzx",
    "numOfShares": 214013477,
    "yieldAnnual": 0,
    "incomeStatement": [
      {
        "revenue": 345750000,
        "netIncome": -1482000,
        "period": "2022A",
        "fPeriodEndDate": 44742,
        "curCode": "NZD"
      },
      {
        "revenue": 359173000,
        "netIncome": -13675000,
        "period": "2021A",
        "fPeriodEndDate": 44377,
        "curCode": "NZD"
      },
      {
        "revenue": 400930000,
        "netIncome": 27356000,
        "period": "2020A",
        "fPeriodEndDate": 44012,
        "curCode": "NZD"
      },
      {
        "revenue": 423004000,
        "netIncome": 29753000,
        "period": "2019A",
        "fPeriodEndDate": 43646,
        "curCode": "NZD"
      }
    ]
  },
  {
    "symbol": "TTI",
    "displayName": "TRAFFIC TECHNOLOGIES LTD.",
    "industry": "Transportation",
    "dateListed": "1998-02-17",
    "marketCap": 9849712,
    "xid": "273316",
    "priceChangeFiveDayPercent": 1.3344026738283132e-14,
    "isRecentListing": false,
    "priceAsk": 0.015,
    "priceBid": 0.013000000000000001,
    "priceChange": 0,
    "priceChangePercent": 0,
    "priceLast": 0.013000000000000001,
    "sector": "Industrials",
    "industryGroup": "Transportation",
    "securityType": 1,
    "volume": 131000,
    "statusCode": "",
    "isin": "AU000000TTI6",
    "priceClose": 0.013000000000000001,
    "priceDayHigh": 0.013000000000000001,
    "priceDayLow": 0.013000000000000001,
    "priceFiftyTwoWeekHigh": 0.027,
    "priceFiftyTwoWeekLow": 0.013,
    "volumeAverage": 347206.821429,
    "dateExDate": "2013-09-02",
    "datePayDate": "2013-09-20",
    "dateRecordDate": "2013-09-06",
    "dividend": 0.002,
    "dividendType": "F",
    "frankingPercent": 100,
    "cashFlow": 0.693,
    "earningsPerShare": -0.00029,
    "freeCashFlowYield": 0.20772185213112235,
    "priceEarningsRatio": -99999.99,
    "priceToCash": 4.81413,
    "foreignExempt": false,
    "shareDescription": "Ordinary Fully Paid",
    "numOfShares": 757670187,
    "yieldAnnual": 0,
    "incomeStatement": [
      {
        "revenue": 53750000,
        "netIncome": -488000,
        "period": "2022A",
        "fPeriodEndDate": 44742,
        "curCode": "AUD"
      },
      {
        "revenue": 52330000,
        "netIncome": 201000,
        "period": "2021A",
        "fPeriodEndDate": 44377,
        "curCode": "AUD"
      },
      {
        "revenue": 44522000,
        "netIncome": -13829000,
        "period": "2020A",
        "fPeriodEndDate": 44012,
        "curCode": "AUD"
      },
      {
        "revenue": 48321000,
        "netIncome": 1263000,
        "period": "2019A",
        "fPeriodEndDate": 43646,
        "curCode": "AUD"
      }
    ]
  },
  {
    "symbol": "TCL",
    "displayName": "TRANSURBAN GROUP",
    "industry": "Transportation",
    "dateListed": "1996-03-14",
    "marketCap": 43465575354,
    "xid": "265926",
    "priceChangeFiveDayPercent": 0.28208744710861017,
    "isRecentListing": false,
    "priceAsk": 14.26,
    "priceBid": 14.11,
    "priceChange": 0.11000000000000121,
    "priceChangePercent": 0.779588944011348,
    "priceLast": 14.22,
    "sector": "Industrials",
    "industryGroup": "Transportation",
    "securityType": 6,
    "volume": 4100786,
    "statusCode": "",
    "isin": "AU000000TCL6",
    "priceClose": 14.11,
    "priceDayHigh": 14.305,
    "priceDayLow": 14.19,
    "priceFiftyTwoWeekHigh": 14.93,
    "priceFiftyTwoWeekLow": 12.26,
    "volumeAverage": 4940586.141304,
    "dateExDate": "2022-12-29",
    "datePayDate": "2023-02-13",
    "dateRecordDate": "2022-12-30",
    "dividend": 0.265,
    "dividendType": "I",
    "frankingPercent": 0,
    "cashFlow": -617,
    "earningsPerShare": 0.05308,
    "freeCashFlowYield": 0.029667533749786396,
    "priceEarningsRatio": 266.9555,
    "priceToCash": 33.70688,
    "foreignExempt": false,
    "shareDescription": "Fully Paid Ordinary/units Stapled Securities",
    "numOfShares": 3080480181,
    "yieldAnnual": 3.6919831223628687,
    "incomeStatement": [
      {
        "revenue": 3406000000,
        "netIncome": 19000000,
        "period": "2022A",
        "fPeriodEndDate": 44742,
        "curCode": "AUD"
      },
      {
        "revenue": 2886000000,
        "netIncome": 3303000000,
        "period": "2021A",
        "fPeriodEndDate": 44377,
        "curCode": "AUD"
      },
      {
        "revenue": 3169000000,
        "netIncome": -111000000,
        "period": "2020A",
        "fPeriodEndDate": 44012,
        "curCode": "AUD"
      },
      {
        "revenue": 4166000000,
        "netIncome": 171000000,
        "period": "2019A",
        "fPeriodEndDate": 43646,
        "curCode": "AUD"
      }
    ]
  },
  {
    "symbol": "WWG",
    "displayName": "WISEWAY GROUP LIMITED",
    "industry": "Transportation",
    "dateListed": "2018-10-31",
    "marketCap": 11375983,
    "xid": "495733085",
    "priceChangeFiveDayPercent": -5.8823529411764754,
    "isRecentListing": false,
    "priceAsk": 0.097,
    "priceBid": 0.066,
    "priceChange": -0.0040000000000000036,
    "priceChangePercent": -5.8823529411764754,
    "priceLast": 0.064,
    "sector": "Industrials",
    "industryGroup": "Transportation",
    "securityType": 1,
    "volume": 100000,
    "statusCode": "",
    "isin": "AU0000027195",
    "priceClose": 0.068,
    "priceDayHigh": 0.065,
    "priceDayLow": 0.064,
    "priceFiftyTwoWeekHigh": 0.26698,
    "priceFiftyTwoWeekLow": 0.05,
    "volumeAverage": 104925.361111,
    "cashFlow": -4.518,
    "earningsPerShare": -0.08959,
    "freeCashFlowYield": -0.0000100000010000001,
    "priceEarningsRatio": -99999.99,
    "priceToCash": -99999.99,
    "foreignExempt": false,
    "shareDescription": "Ordinary Fully Paid",
    "numOfShares": 167293872,
    "yieldAnnual": 0,
    "incomeStatement": [
      {
        "revenue": 130668000,
        "netIncome": -8088000,
        "period": "2022A",
        "fPeriodEndDate": 44742,
        "curCode": "AUD"
      },
      {
        "revenue": 126770000,
        "netIncome": 1774000,
        "period": "2021A",
        "fPeriodEndDate": 44377,
        "curCode": "AUD"
      },
      {
        "revenue": 102590000,
        "netIncome": -3400000,
        "period": "2020A",
        "fPeriodEndDate": 44012,
        "curCode": "AUD"
      },
      {
        "revenue": 116944000,
        "netIncome": -1872000,
        "period": "2019A",
        "fPeriodEndDate": 43646,
        "curCode": "AUD"
      }
    ]
  }
]