[
  {
    "symbol": "TDO",
    "displayName": "3D OIL LIMITED",
    "industry": "Energy",
    "dateListed": "2007-05-22",
    "marketCap": 13524607,
    "xid": "7221947",
    "priceChangeFiveDayPercent": 2.0000000000000018,
    "isRecentListing": false,
    "priceAsk": 0.057,
    "priceBid": 0.053,
    "priceChange": 0,
    "priceChangePercent": 0,
    "priceLast": 0.051000000000000004,
    "sector": "Energy",
    "industryGroup": "Energy",
    "securityType": 1,
    "volume": 0,
    "statusCode": "",
    "isin": "AU000000TDO8",
    "priceClose": 0.051000000000000004,
    "priceFiftyTwoWeekHigh": 0.073,
    "priceFiftyTwoWeekLow": 0.042,
    "volumeAverage": 94586.745455,
    "cashFlow": -1.71893,
    "earningsPerShare": -0.00432,
    "freeCashFlowYield": -0.0000100000010000001,
    "priceEarningsRatio": -99999.99,
    "priceToCash": -99999.99,
    "foreignExempt": false,
    "shareDescription": "Ordinary Fully Paid",
    "numOfShares": 265188372,
    "yieldAnnual": 0,
    "incomeStatement": [
      {
        "revenue": 470,
        "netIncome": -1147180,
        "period": "2022A",
        "fPeriodEndDate": 44742,
        "curCode": "AUD"
      },
      {
        "revenue": 4570,
        "netIncome": -1142100,
        "period": "2021A",
        "fPeriodEndDate": 44377,
        "curCode": "AUD"
      },
      {
        "revenue": 9410,
        "netIncome": -3006070,
        "period": "2020A",
        "fPeriodEndDate": 44012,
        "curCode": "AUD"
      },
      {
        "revenue": 43630,
        "netIncome": -1089250,
        "period": "2019A",
        "fPeriodEndDate": 43646,
        "curCode": "AUD"
      }
    ]
  },
  {
    "symbol": "88E",
    "displayName": "88 ENERGY LIMITED",
    "industry": "Energy",
    "dateListed": "2000-01-20",
    "marketCap": 182657630,
    "xid": "230975",
    "priceChangeFiveDayPercent": 0,
    "isRecentListing": false,
    "priceAsk": 0.011,
    "priceBid": 0.01,
    "priceChange": 0,
    "priceChangePercent": 0,
    "priceLast": 0.01,
    "sector": "Energy",
    "industryGroup": "Energy",
    "securityType": 1,
    "volume": 8105090,
    "statusCode": "",
    "isin": "AU00000088E2",
    "priceClose": 0.01,
    "priceDayHigh": 0.0105,
    "priceDayLow": 0.01,
    "priceFiftyTwoWeekHigh": 0.053,
    "priceFiftyTwoWeekLow": 0.007,
    "volumeAverage": 28150083.791209,
    "cashFlow": -57.43739,
    "earningsPerShare": -0.00422,
    "freeCashFlowYield": -0.0000100000010000001,
    "priceEarningsRatio": -99999.99,
    "priceToCash": -99999.99,
    "foreignExempt": false,
    "shareDescription": "Ordinary Fully Paid",
    "numOfShares": 18265762962,
    "yieldAnnual": 0,
    "incomeStatement": [
      {
        "revenue": 1420,
        "netIncome": -2410190,
        "period": "2021A",
        "fPeriodEndDate": 44561,
        "curCode": "AUD"
      },
      {
        "revenue": 5240,
        "netIncome": -22033630,
        "period": "2020A",
        "fPeriodEndDate": 44196,
        "curCode": "AUD"
      },
      {
        "revenue": 20550,
        "netIncome": -36780460,
        "period": "2019A",
        "fPeriodEndDate": 43830,
        "curCode": "AUD"
      },
      {
        "revenue": 16970,
        "netIncome": -5993590,
        "period": "2018A",
        "fPeriodEndDate": 43465,
        "curCode": "AUD"
      }
    ]
  },
  {
    "symbol": "92E",
    "displayName": "92 ENERGY LIMITED",
    "industry": "Energy",
    "dateListed": "2021-04-15",
    "marketCap": 36611206,
    "xid": "648306270",
    "priceChangeFiveDayPercent": -5.952380952380945,
    "isRecentListing": false,
    "priceAsk": 0.405,
    "priceBid": 0.395,
    "priceChange": 0,
    "priceChangePercent": 0,
    "priceLast": 0.395,
    "sector": "Energy",
    "industryGroup": "Energy",
    "securityType": 1,
    "volume": 17825,
    "statusCode": "",
    "isin": "AU0000139941",
    "priceClose": 0.395,
    "priceDayHigh": 0.4,
    "priceDayLow": 0.395,
    "priceFiftyTwoWeekHigh": 0.935,
    "priceFiftyTwoWeekLow": 0.35,
    "volumeAverage": 544870.033708,
    "cashFlow": -8.80303,
    "earningsPerShare": -0.12919,
    "freeCashFlowYield": -0.0000100000010000001,
    "priceEarningsRatio": -99999.99,
    "priceToCash": -99999.99,
    "foreignExempt": false,
    "shareDescription": "Ordinary Fully Paid",
    "numOfShares": 92686598,
    "yieldAnnual": 0,
    "incomeStatement": [
      {
        "revenue": 198490,
        "netIncome": -9418300,
        "period": "2022A",
        "fPeriodEndDate": 44742,
        "curCode": "AUD"
      },
      {
        "revenue": 120,
        "netIncome": -2701190,
        "period": "2021A",
        "fPeriodEndDate": 44377,
        "curCode": "AUD"
      },
      {
        "revenue": 0,
        "netIncome": -11250,
        "period": "2020A",
        "fPeriodEndDate": 44012,
        "curCode": "AUD"
      }
    ]
  },
  {
    "symbol": "ACB",
    "displayName": "A-CAP ENERGY LIMITED",
    "industry": "Energy",
    "dateListed": "2006-05-19",
    "marketCap": 87502891,
    "xid": "4721927",
    "priceChangeFiveDayPercent": -4.225352112676041,
    "isRecentListing": false,
    "priceAsk": 0.07200000000000001,
    "priceBid": 0.066,
    "priceChange": -0.0030000000000000027,
    "priceChangePercent": -4.22535211267606,
    "priceLast": 0.068,
    "sector": "Energy",
    "industryGroup": "Energy",
    "securityType": 1,
    "volume": 2540839,
    "statusCode": "",
    "isin": "AU000000ACB7",
    "priceClose": 0.07100000000000001,
    "priceDayHigh": 0.07,
    "priceDayLow": 0.066,
    "priceFiftyTwoWeekHigh": 0.1775,
    "priceFiftyTwoWeekLow": 0.0485,
    "volumeAverage": 1010195.582418,
    "cashFlow": -4.91959,
    "earningsPerShare": -0.00453,
    "freeCashFlowYield": -0.0000100000010000001,
    "priceEarningsRatio": -99999.99,
    "priceToCash": -99999.99,
    "foreignExempt": false,
    "shareDescription": "Ordinary Fully Paid",
    "numOfShares": 1232435086,
    "yieldAnnual": 0,
    "incomeStatement": [
      {
        "revenue": 0,
        "netIncome": -5214620,
        "period": "2022A",
        "fPeriodEndDate": 44742,
        "curCode": "AUD"
      },
      {
        "revenue": 0,
        "netIncome": -633560,
        "period": "2021A",
        "fPeriodEndDate": 44377,
        "curCode": "AUD"
      },
      {
        "revenue": 0,
        "netIncome": -29052600,
        "period": "2020A",
        "fPeriodEndDate": 44012,
        "curCode": "AUD"
      },
      {
        "revenue": 0,
        "netIncome": -8700450,
        "period": "2019A",
        "fPeriodEndDate": 43646,
        "curCode": "AUD"
      }
    ]
  },
  {
    "symbol": "ADD",
    "displayName": "ADAVALE RESOURCES LIMITED",
    "industry": "Energy",
    "dateListed": "1992-02-06",
    "marketCap": 9182622,
    "xid": "230107",
    "priceChangeFiveDayPercent": 11.764705882352931,
    "isRecentListing": false,
    "priceAsk": 0.019,
    "priceBid": 0.017,
    "priceChange": 0.0009999999999999974,
    "priceChangePercent": 5.55555555555554,
    "priceLast": 0.019,
    "sector": "Materials",
    "industryGroup": "Materials",
    "securityType": 1,
    "volume": 367,
    "statusCode": "",
    "isin": "AU000000ADD1",
    "priceClose": 0.018000000000000002,
    "priceDayHigh": 0.019,
    "priceDayLow": 0.019,
    "priceFiftyTwoWeekHigh": 0.07156,
    "priceFiftyTwoWeekLow": 0.016,
    "volumeAverage": 724698.233333,
    "cashFlow": -4.34742,
    "earningsPerShare": -0.01384,
    "freeCashFlowYield": -0.0000100000010000001,
    "priceEarningsRatio": -99999.99,
    "priceToCash": -99999.99,
    "foreignExempt": false,
    "shareDescription": "Ordinary Fully Paid",
    "numOfShares": 510145668,
    "yieldAnnual": 0,
    "incomeStatement": [
      {
        "revenue": 0,
        "netIncome": -4670140,
        "period": "2022A",
        "fPeriodEndDate": 44742,
        "curCode": "AUD"
      },
      {
        "revenue": 11600,
        "netIncome": -2045670,
        "period": "2021A",
        "fPeriodEndDate": 44377,
        "curCode": "AUD"
      },
      {
        "revenue": 0,
        "netIncome": -534980,
        "period": "2020A",
        "fPeriodEndDate": 44012,
        "curCode": "AUD"
      },
      {
        "revenue": 0,
        "netIncome": -527090,
        "period": "2019A",
        "fPeriodEndDate": 43646,
        "curCode": "AUD"
      }
    ]
  },
  {
    "symbol": "ADX",
    "displayName": "ADX ENERGY LTD",
    "industry": "Energy",
    "dateListed": "1987-01-29",
    "marketCap": 22833931,
    "xid": "39150",
    "priceChangeFiveDayPercent": 0,
    "isRecentListing": false,
    "priceAsk": 0.007,
    "priceBid": 0.006,
    "priceChange": 0.0004999999999999996,
    "priceChangePercent": 7.692307692307685,
    "priceLast": 0.007,
    "sector": "Energy",
    "industryGroup": "Energy",
    "securityType": 1,
    "volume": 872794,
    "statusCode": "",
    "isin": "AU000000ADX9",
    "priceClose": 0.006500000000000001,
    "priceDayHigh": 0.007,
    "priceDayLow": 0.006500000000000001,
    "priceFiftyTwoWeekHigh": 0.011,
    "priceFiftyTwoWeekLow": 0.005,
    "volumeAverage": 4057272.611111,
    "cashFlow": -4.23551,
    "earningsPerShare": -0.00113,
    "freeCashFlowYield": 0.013051628719273695,
    "priceEarningsRatio": -99999.99,
    "priceToCash": 76.61879,
    "foreignExempt": false,
    "shareDescription": "Ordinary Fully Paid",
    "numOfShares": 3512912534,
    "yieldAnnual": 0,
    "incomeStatement": [
      {
        "revenue": 9637010,
        "netIncome": -4171600,
        "period": "2021A",
        "fPeriodEndDate": 44561,
        "curCode": "AUD"
      },
      {
        "revenue": 6833020,
        "netIncome": -4280070,
        "period": "2020A",
        "fPeriodEndDate": 44196,
        "curCode": "AUD"
      },
      {
        "revenue": 1114610,
        "netIncome": -979700,
        "period": "2019A",
        "fPeriodEndDate": 43830,
        "curCode": "AUD"
      },
      {
        "revenue": 2170,
        "netIncome": -2382640,
        "period": "2018A",
        "fPeriodEndDate": 43465,
        "curCode": "AUD"
      }
    ]
  },
  {
    "symbol": "AGE",
    "displayName": "ALLIGATOR ENERGY LIMITED",
    "industry": "Energy",
    "dateListed": "2011-02-03",
    "marketCap": 128827399,
    "xid": "29717099",
    "priceChangeFiveDayPercent": 5.263157894736847,
    "isRecentListing": false,
    "priceAsk": 0.04,
    "priceBid": 0.038,
    "priceChange": 0.0010000000000000009,
    "priceChangePercent": 2.5641025641025665,
    "priceLast": 0.04,
    "sector": "Energy",
    "industryGroup": "Energy",
    "securityType": 1,
    "volume": 4158144,
    "statusCode": "",
    "isin": "AU000000AGE2",
    "priceClose": 0.039,
    "priceDayHigh": 0.04,
    "priceDayLow": 0.038,
    "priceFiftyTwoWeekHigh": 0.115,
    "priceFiftyTwoWeekLow": 0.034,
    "volumeAverage": 12314970.076923,
    "cashFlow": -4.62794,
    "earningsPerShare": -0.00075,
    "freeCashFlowYield": -0.0000100000010000001,
    "priceEarningsRatio": -99999.99,
    "priceToCash": -99999.99,
    "foreignExempt": false,
    "shareDescription": "Ordinary Fully Paid",
    "numOfShares": 3303266652,
    "yieldAnnual": 0,
    "incomeStatement": [
      {
        "revenue": 32310,
        "netIncome": -2247510,
        "period": "2022A",
        "fPeriodEndDate": 44742,
        "curCode": "AUD"
      },
      {
        "revenue": 3150,
        "netIncome": -991320,
        "period": "2021A",
        "fPeriodEndDate": 44377,
        "curCode": "AUD"
      },
      {
        "revenue": 5780,
        "netIncome": -985480,
        "period": "2020A",
        "fPeriodEndDate": 44012,
        "curCode": "AUD"
      },
      {
        "revenue": 38670,
        "netIncome": -6692050,
        "period": "2019A",
        "fPeriodEndDate": 43646,
        "curCode": "AUD"
      }
    ]
  },
  {
    "symbol": "ALM",
    "displayName": "ALMA METALS LIMITED",
    "industry": "Energy",
    "dateListed": "2007-04-18",
    "marketCap": 9140008,
    "xid": "6932183",
    "priceChangeFiveDayPercent": 0,
    "isRecentListing": false,
    "priceAsk": 0.01,
    "priceBid": 0.009000000000000001,
    "priceChange": 0,
    "priceChangePercent": 0,
    "priceLast": 0.01,
    "sector": "Energy",
    "industryGroup": "Energy",
    "securityType": 1,
    "volume": 20000,
    "statusCode": "",
    "isin": "AU0000195380",
    "priceClose": 0.01,
    "priceDayHigh": 0.01,
    "priceDayLow": 0.01,
    "priceFiftyTwoWeekHigh": 0.04,
    "priceFiftyTwoWeekLow": 0.009,
    "volumeAverage": 655541.492537,
    "cashFlow": -1.778,
    "earningsPerShare": -0.00335,
    "freeCashFlowYield": -0.0000100000010000001,
    "priceEarningsRatio": -99999.99,
    "priceToCash": -99999.99,
    "foreignExempt": false,
    "shareDescription": "Chess Depositary Interests 1:1",
    "numOfShares": 914000787,
    "yieldAnnual": 0,
    "incomeStatement": [
      {
        "revenue": 1780,
        "netIncome": -9247080,
        "period": "2022A",
        "fPeriodEndDate": 44742,
        "curCode": "AUD"
      },
      {
        "revenue": 29370,
        "netIncome": -5391290,
        "period": "2021A",
        "fPeriodEndDate": 44377,
        "curCode": "AUD"
      },
      {
        "revenue": 69170,
        "netIncome": -5351400,
        "period": "2020A",
        "fPeriodEndDate": 44012,
        "curCode": "AUD"
      },
      {
        "revenue": 73240,
        "netIncome": -1471990,
        "period": "2019A",
        "fPeriodEndDate": 43646,
        "curCode": "AUD"
      }
    ]
  },
  {
    "symbol": "ALD",
    "displayName": "AMPOL LIMITED",
    "industry": "Energy",
    "dateListed": "1980-12-31",
    "marketCap": 6917909934,
    "xid": "83276",
    "priceChangeFiveDayPercent": 0.24875621890547364,
    "isRecentListing": false,
    "priceAsk": 28.44,
    "priceBid": 28.150000000000002,
    "priceChange": -0.8200000000000003,
    "priceChangePercent": -2.8246641405442654,
    "priceLast": 28.21,
    "sector": "Energy",
    "industryGroup": "Energy",
    "securityType": 1,
    "volume": 599416,
    "statusCode": "",
    "isin": "AU0000088338",
    "priceClose": 29.03,
    "priceDayHigh": 28.78,
    "priceDayLow": 28.14,
    "priceFiftyTwoWeekHigh": 37.55,
    "priceFiftyTwoWeekLow": 26.5,
    "volumeAverage": 944849.967033,
    "dateExDate": "2022-09-02",
    "datePayDate": "2022-09-28",
    "dateRecordDate": "2022-09-05",
    "dividend": 1.2,
    "dividendType": "I",
    "frankingPercent": 100,
    "cashFlow": 78.3,
    "earningsPerShare": 3.80332,
    "freeCashFlowYield": 0.19187891672838772,
    "priceEarningsRatio": 7.63281,
    "priceToCash": 5.21162,
    "foreignExempt": false,
    "shareDescription": "Ordinary Fully Paid",
    "numOfShares": 238302099,
    "yieldAnnual": 5.707196029776675,
    "incomeStatement": [
      {
        "revenue": 21629900000,
        "netIncome": 560000000,
        "period": "2021A",
        "fPeriodEndDate": 44561,
        "curCode": "AUD"
      },
      {
        "revenue": 15406300000,
        "netIncome": -484900000,
        "period": "2020A",
        "fPeriodEndDate": 44196,
        "curCode": "AUD"
      },
      {
        "revenue": 22307079000,
        "netIncome": 382763000,
        "period": "2019A",
        "fPeriodEndDate": 43830,
        "curCode": "AUD"
      },
      {
        "revenue": 21731342000,
        "netIncome": 560416000,
        "period": "2018A",
        "fPeriodEndDate": 43465,
        "curCode": "AUD"
      }
    ]
  },
  {
    "symbol": "AJQ",
    "displayName": "ARMOUR ENERGY LIMITED",
    "industry": "Energy",
    "dateListed": "2012-04-26",
    "marketCap": 15157988,
    "xid": "44476458",
    "priceChangeFiveDayPercent": -7.692307692307686,
    "isRecentListing": false,
    "priceAsk": 0.007,
    "priceBid": 0.006,
    "priceChange": -0.0005000000000000004,
    "priceChangePercent": -7.692307692307699,
    "priceLast": 0.006,
    "sector": "Energy",
    "industryGroup": "Energy",
    "securityType": 1,
    "volume": 200000,
    "statusCode": "",
    "isin": "AU000000AJQ0",
    "priceClose": 0.006500000000000001,
    "priceDayHigh": 0.006,
    "priceDayLow": 0.006,
    "priceFiftyTwoWeekHigh": 0.023,
    "priceFiftyTwoWeekLow": 0.005,
    "volumeAverage": 3427146.037975,
    "cashFlow": -8.464,
    "earningsPerShare": -0.00591,
    "freeCashFlowYield": -0.0000100000010000001,
    "priceEarningsRatio": -99999.99,
    "priceToCash": -99999.99,
    "foreignExempt": false,
    "shareDescription": "Ordinary Fully Paid",
    "numOfShares": 2331998158,
    "yieldAnnual": 0,
    "incomeStatement": [
      {
        "revenue": 17994000,
        "netIncome": -11006000,
        "period": "2022A",
        "fPeriodEndDate": 44742,
        "curCode": "AUD"
      },
      {
        "revenue": 17572000,
        "netIncome": -11592000,
        "period": "2021A",
        "fPeriodEndDate": 44377,
        "curCode": "AUD"
      },
      {
        "revenue": 21231470,
        "netIncome": -9570780,
        "period": "2020A",
        "fPeriodEndDate": 44012,
        "curCode": "AUD"
      },
      {
        "revenue": 27819340,
        "netIncome": -11683750,
        "period": "2019A",
        "fPeriodEndDate": 43646,
        "curCode": "AUD"
      }
    ]
  },
  {
    "symbol": "AEE",
    "displayName": "AURA ENERGY LIMITED",
    "industry": "Energy",
    "dateListed": "2006-05-30",
    "marketCap": 141430876,
    "xid": "651782993",
    "priceChangeFiveDayPercent": 0,
    "isRecentListing": false,
    "priceAsk": 0.26,
    "priceBid": 0.24,
    "priceChange": -0.0050000000000000044,
    "priceChangePercent": -1.960784313725492,
    "priceLast": 0.25,
    "sector": "Energy",
    "industryGroup": "Energy",
    "securityType": 1,
    "volume": 121148,
    "statusCode": "",
    "isin": "AU000000AEE7",
    "priceClose": 0.255,
    "priceDayHigh": 0.25,
    "priceDayLow": 0.245,
    "priceFiftyTwoWeekHigh": 0.365,
    "priceFiftyTwoWeekLow": 0.145,
    "volumeAverage": 1153574.505495,
    "cashFlow": -5.41941,
    "earningsPerShare": -0.00733,
    "freeCashFlowYield": -0.0000100000010000001,
    "priceEarningsRatio": -99999.99,
    "priceToCash": -99999.99,
    "foreignExempt": false,
    "shareDescription": "Ordinary Fully Paid",
    "numOfShares": 554630887,
    "yieldAnnual": 0,
    "incomeStatement": [
      {
        "revenue": 92500,
        "netIncome": -3573300,
        "period": "2022A",
        "fPeriodEndDate": 44742,
        "curCode": "AUD"
      },
      {
        "revenue": 40,
        "netIncome": -2985500,
        "period": "2021A",
        "fPeriodEndDate": 44377,
        "curCode": "AUD"
      },
      {
        "revenue": 1420,
        "netIncome": -5876000,
        "period": "2020A",
        "fPeriodEndDate": 44012,
        "curCode": "AUD"
      },
      {
        "revenue": 32290,
        "netIncome": -2896260,
        "period": "2019A",
        "fPeriodEndDate": 43646,
        "curCode": "AUD"
      }
    ]
  },
  {
    "symbol": "AUH",
    "displayName": "AUSTCHINA HOLDINGS LIMITED",
    "industry": "Energy",
    "dateListed": "2003-03-17",
    "marketCap": 14545185,
    "xid": "35544754",
    "priceChangeFiveDayPercent": 14.285714285714286,
    "isRecentListing": false,
    "priceAsk": 0.008,
    "priceBid": 0.007,
    "priceChange": 0.001,
    "priceChangePercent": 14.285714285714286,
    "priceLast": 0.008,
    "sector": "Energy",
    "industryGroup": "Energy",
    "securityType": 1,
    "volume": 12824972,
    "statusCode": "",
    "isin": "AU000000AUH6",
    "priceClose": 0.007,
    "priceDayHigh": 0.009000000000000001,
    "priceDayLow": 0.007,
    "priceFiftyTwoWeekHigh": 0.019,
    "priceFiftyTwoWeekLow": 0.005,
    "volumeAverage": 2308538.378049,
    "cashFlow": -0.77937,
    "earningsPerShare": -0.00022,
    "freeCashFlowYield": -0.0000100000010000001,
    "priceEarningsRatio": -99999.99,
    "priceToCash": -99999.99,
    "foreignExempt": false,
    "shareDescription": "Ordinary Fully Paid",
    "numOfShares": 2077883635,
    "yieldAnnual": 0,
    "incomeStatement": [
      {
        "revenue": 500,
        "netIncome": -415580,
        "period": "2022A",
        "fPeriodEndDate": 44742,
        "curCode": "AUD"
      },
      {
        "revenue": 23660,
        "netIncome": -1118040,
        "period": "2021A",
        "fPeriodEndDate": 44377,
        "curCode": "AUD"
      },
      {
        "revenue": 76910,
        "netIncome": -413870,
        "period": "2020A",
        "fPeriodEndDate": 44012,
        "curCode": "AUD"
      },
      {
        "revenue": 63540,
        "netIncome": 2587320,
        "period": "2019A",
        "fPeriodEndDate": 43646,
        "curCode": "AUD"
      }
    ]
  },
  {
    "symbol": "ATS",
    "displayName": "AUSTRALIS OIL & GAS LIMITED",
    "industry": "Energy",
    "dateListed": "2016-07-25",
    "marketCap": 41619477,
    "xid": "357032700",
    "priceChangeFiveDayPercent": 0,
    "isRecentListing": false,
    "priceAsk": 0.034,
    "priceBid": 0.033,
    "priceChange": 0,
    "priceChangePercent": 0,
    "priceLast": 0.033,
    "sector": "Energy",
    "industryGroup": "Energy",
    "securityType": 1,
    "volume": 25,
    "statusCode": "",
    "isin": "AU000000ATS5",
    "priceClose": 0.033,
    "priceDayHigh": 0.033,
    "priceDayLow": 0.033,
    "priceFiftyTwoWeekHigh": 0.087,
    "priceFiftyTwoWeekLow": 0.031,
    "volumeAverage": 948951.617978,
    "cashFlow": 5.41386,
    "earningsPerShare": 0.0003,
    "freeCashFlowYield": 0.12229588511035369,
    "priceEarningsRatio": 111.0289,
    "priceToCash": 8.17689,
    "foreignExempt": false,
    "shareDescription": "Ordinary Fully Paid",
    "numOfShares": 1261196273,
    "yieldAnnual": 0,
    "incomeStatement": [
      {
        "revenue": 22909000,
        "netIncome": -2408000,
        "period": "2021A",
        "fPeriodEndDate": 44561,
        "curCode": "USD"
      },
      {
        "revenue": 26148000,
        "netIncome": -125208000,
        "period": "2020A",
        "fPeriodEndDate": 44196,
        "curCode": "USD"
      },
      {
        "revenue": 52840000,
        "netIncome": 7009000,
        "period": "2019A",
        "fPeriodEndDate": 43830,
        "curCode": "USD"
      },
      {
        "revenue": 34243000,
        "netIncome": 85000,
        "period": "2018A",
        "fPeriodEndDate": 43465,
        "curCode": "USD"
      }
    ]
  },
  {
    "symbol": "AXP",
    "displayName": "AXP ENERGY LIMITED",
    "industry": "Energy",
    "dateListed": "2006-07-20",
    "marketCap": 23298723,
    "xid": "4974471",
    "priceChangeFiveDayPercent": 12.50000000000001,
    "isRecentListing": false,
    "priceAsk": 0.005,
    "priceBid": 0.004,
    "priceChange": 0.0005000000000000004,
    "priceChangePercent": 12.50000000000001,
    "priceLast": 0.0045000000000000005,
    "sector": "Energy",
    "industryGroup": "Energy",
    "securityType": 1,
    "volume": 900000,
    "statusCode": "",
    "isin": "AU0000162950",
    "priceClose": 0.004,
    "priceDayHigh": 0.0045000000000000005,
    "priceDayLow": 0.0045000000000000005,
    "priceFiftyTwoWeekHigh": 0.01,
    "priceFiftyTwoWeekLow": 0.003,
    "volumeAverage": 2756998.873239,
    "cashFlow": 1.90606,
    "earningsPerShare": 0.00007,
    "freeCashFlowYield": 0.1609031170151828,
    "priceEarningsRatio": 53.83218,
    "priceToCash": 6.21492,
    "foreignExempt": false,
    "shareDescription": "Ordinary Fully Paid",
    "numOfShares": 5824680673,
    "yieldAnnual": 0,
    "incomeStatement": [
      {
        "revenue": 20752160,
        "netIncome": 606950,
        "period": "2022A",
        "fPeriodEndDate": 44742,
        "curCode": "USD"
      },
      {
        "revenue": 4240350,
        "netIncome": 4064610,
        "period": "2021A",
        "fPeriodEndDate": 44377,
        "curCode": "USD"
      },
      {
        "revenue": 382530,
        "netIncome": -5931990,
        "period": "2020A",
        "fPeriodEndDate": 44012,
        "curCode": "USD"
      },
      {
        "revenue": 681200,
        "netIncome": -1801290,
        "period": "2019A",
        "fPeriodEndDate": 43646,
        "curCode": "USD"
      }
    ]
  },
  {
    "symbol": "BMN",
    "displayName": "BANNERMAN ENERGY LTD",
    "industry": "Energy",
    "dateListed": "2005-04-28",
    "marketCap": 246752424,
    "xid": "1692863",
    "priceChangeFiveDayPercent": -2.38095238095237,
    "isRecentListing": false,
    "priceAsk": 1.6400000000000001,
    "priceBid": 1.635,
    "priceChange": 0,
    "priceChangePercent": 0,
    "priceLast": 1.6400000000000001,
    "sector": "Energy",
    "industryGroup": "Energy",
    "securityType": 1,
    "volume": 289924,
    "statusCode": "RE",
    "isin": "AU000000BMN9",
    "priceClose": 1.6400000000000001,
    "priceDayHigh": 1.655,
    "priceDayLow": 1.62,
    "priceFiftyTwoWeekHigh": 3.25,
    "priceFiftyTwoWeekLow": 1.5,
    "volumeAverage": 437600.855556,
    "cashFlow": -7.42,
    "earningsPerShare": -0.17208,
    "freeCashFlowYield": -0.0000100000010000001,
    "priceEarningsRatio": -99999.99,
    "priceToCash": -99999.99,
    "foreignExempt": false,
    "shareDescription": "Ordinary Fully Paid",
    "numOfShares": 150458795,
    "yieldAnnual": 0,
    "incomeStatement": [
      {
        "revenue": 99000,
        "netIncome": -3451000,
        "period": "2022A",
        "fPeriodEndDate": 44742,
        "curCode": "AUD"
      },
      {
        "revenue": 31000,
        "netIncome": -2254000,
        "period": "2021A",
        "fPeriodEndDate": 44377,
        "curCode": "AUD"
      },
      {
        "revenue": 101000,
        "netIncome": -2274000,
        "period": "2020A",
        "fPeriodEndDate": 44012,
        "curCode": "AUD"
      },
      {
        "revenue": 146000,
        "netIncome": -2231000,
        "period": "2019A",
        "fPeriodEndDate": 43646,
        "curCode": "AUD"
      }
    ]
  },
  {
    "symbol": "BSN",
    "displayName": "BASIN ENERGY LIMITED",
    "industry": "Energy",
    "dateListed": "2022-10-04",
    "marketCap": 12184455,
    "xid": "753963361",
    "priceChangeFiveDayPercent": 7.142857142857129,
    "isRecentListing": true,
    "priceAsk": 0.15,
    "priceBid": 0.14,
    "priceChange": 0,
    "priceChangePercent": 0,
    "priceLast": 0.15,
    "sector": "Energy",
    "industryGroup": "Energy",
    "securityType": 1,
    "volume": 40935,
    "statusCode": "",
    "isin": "AU0000238461",
    "priceClose": 0.15,
    "priceDayHigh": 0.15,
    "priceDayLow": 0.15,
    "priceFiftyTwoWeekHigh": 0.205,
    "priceFiftyTwoWeekLow": 0.135,
    "foreignExempt": false,
    "shareDescription": "Ordinary Fully Paid",
    "numOfShares": 81229697,
    "yieldAnnual": 0,
    "incomeStatement": []
  },
  {
    "symbol": "BAS",
    "displayName": "BASS OIL LIMITED",
    "industry": "Energy",
    "dateListed": "2004-09-30",
    "marketCap": 17682540,
    "xid": "57558",
    "priceChangeFiveDayPercent": 1.492537313432837,
    "isRecentListing": false,
    "priceAsk": 0.068,
    "priceBid": 0.067,
    "priceChange": 0.0020000000000000018,
    "priceChangePercent": 3.030303030303033,
    "priceLast": 0.068,
    "sector": "Energy",
    "industryGroup": "Energy",
    "securityType": 1,
    "volume": 321858,
    "statusCode": "RE",
    "isin": "AU000000BAS3",
    "priceClose": 0.066,
    "priceDayHigh": 0.068,
    "priceDayLow": 0.066,
    "priceFiftyTwoWeekHigh": 0.096,
    "priceFiftyTwoWeekLow": 0.03,
    "volumeAverage": 5534102.692308,
    "cashFlow": -1.94376,
    "earningsPerShare": -0.0015,
    "freeCashFlowYield": -0.0000100000010000001,
    "priceEarningsRatio": -99999.99,
    "priceToCash": -99999.99,
    "foreignExempt": false,
    "shareDescription": "Ordinary Fully Paid",
    "numOfShares": 267917271,
    "yieldAnnual": 0,
    "incomeStatement": [
      {
        "revenue": 2927930,
        "netIncome": -601610,
        "period": "2021A",
        "fPeriodEndDate": 44561,
        "curCode": "USD"
      },
      {
        "revenue": 3150750,
        "netIncome": -499830,
        "period": "2020A",
        "fPeriodEndDate": 44196,
        "curCode": "USD"
      },
      {
        "revenue": 5053090,
        "netIncome": 398420,
        "period": "2019A",
        "fPeriodEndDate": 43830,
        "curCode": "USD"
      },
      {
        "revenue": 3840020,
        "netIncome": -419620,
        "period": "2018A",
        "fPeriodEndDate": 43465,
        "curCode": "USD"
      }
    ]
  },
  {
    "symbol": "BPT",
    "displayName": "BEACH ENERGY LIMITED",
    "industry": "Energy",
    "dateListed": "1972-06-30",
    "marketCap": 3729980528,
    "xid": "65215",
    "priceChangeFiveDayPercent": -2.453987730061338,
    "isRecentListing": false,
    "priceAsk": 1.595,
    "priceBid": 1.585,
    "priceChange": -0.04499999999999993,
    "priceChangePercent": -2.752293577981647,
    "priceLast": 1.59,
    "sector": "Energy",
    "industryGroup": "Energy",
    "securityType": 1,
    "volume": 4461924,
    "statusCode": "",
    "isin": "AU000000BPT9",
    "priceClose": 1.635,
    "priceDayHigh": 1.62,
    "priceDayLow": 1.575,
    "priceFiftyTwoWeekHigh": 1.91,
    "priceFiftyTwoWeekLow": 1.23,
    "volumeAverage": 7806864,
    "dateExDate": "2022-08-30",
    "datePayDate": "2022-09-30",
    "dateRecordDate": "2022-08-31",
    "dividend": 0.01,
    "dividendType": "F",
    "frankingPercent": 100,
    "cashFlow": 264.8,
    "earningsPerShare": 0.21937,
    "freeCashFlowYield": 0.235122063619328,
    "priceEarningsRatio": 7.45316,
    "priceToCash": 4.25311,
    "foreignExempt": false,
    "shareDescription": "Ordinary Fully Paid",
    "numOfShares": 2281333656,
    "yieldAnnual": 1.2578616352201255,
    "incomeStatement": [
      {
        "revenue": 1771400000,
        "netIncome": 500800000,
        "period": "2022A",
        "fPeriodEndDate": 44742,
        "curCode": "AUD"
      },
      {
        "revenue": 1562000000,
        "netIncome": 316500000,
        "period": "2021A",
        "fPeriodEndDate": 44377,
        "curCode": "AUD"
      },
      {
        "revenue": 1728200000,
        "netIncome": 500800000,
        "period": "2020A",
        "fPeriodEndDate": 44012,
        "curCode": "AUD"
      },
      {
        "revenue": 2077700000,
        "netIncome": 577300000,
        "period": "2019A",
        "fPeriodEndDate": 43646,
        "curCode": "AUD"
      }
    ]
  },
  {
    "symbol": "BKY",
    "displayName": "BERKELEY ENERGIA LIMITED",
    "industry": "Energy",
    "dateListed": "2003-09-16",
    "marketCap": 127052064,
    "xid": "62386",
    "priceChangeFiveDayPercent": -5.08474576271185,
    "isRecentListing": false,
    "priceAsk": 0.31,
    "priceBid": 0.275,
    "priceChange": -0.0050000000000000044,
    "priceChangePercent": -1.7543859649122822,
    "priceLast": 0.28,
    "sector": "Energy",
    "industryGroup": "Energy",
    "securityType": 1,
    "volume": 318348,
    "statusCode": "",
    "isin": "AU000000BKY0",
    "priceClose": 0.28500000000000003,
    "priceDayHigh": 0.29,
    "priceDayLow": 0.2775,
    "priceFiftyTwoWeekHigh": 0.64,
    "priceFiftyTwoWeekLow": 0.205,
    "volumeAverage": 446743.180723,
    "cashFlow": -5.791,
    "earningsPerShare": 0.14518,
    "freeCashFlowYield": 0.5120039321901992,
    "priceEarningsRatio": 1.96308,
    "priceToCash": 1.95311,
    "foreignExempt": false,
    "shareDescription": "Ordinary Fully Paid",
    "numOfShares": 445796715,
    "yieldAnnual": 0,
    "incomeStatement": [
      {
        "revenue": 0,
        "netIncome": 65038000,
        "period": "2022A",
        "fPeriodEndDate": 44742,
        "curCode": "AUD"
      },
      {
        "revenue": 0,
        "netIncome": -49120000,
        "period": "2021A",
        "fPeriodEndDate": 44377,
        "curCode": "AUD"
      },
      {
        "revenue": 0,
        "netIncome": -42889000,
        "period": "2020A",
        "fPeriodEndDate": 44012,
        "curCode": "AUD"
      },
      {
        "revenue": 0,
        "netIncome": 34431000,
        "period": "2019A",
        "fPeriodEndDate": 43646,
        "curCode": "AUD"
      }
    ]
  },
  {
    "symbol": "BME",
    "displayName": "BLACK MOUNTAIN ENERGY LTD",
    "industry": "Energy",
    "dateListed": "2021-12-23",
    "marketCap": 8925000,
    "xid": "689340064",
    "priceChangeFiveDayPercent": -10.256410256410248,
    "isRecentListing": false,
    "priceAsk": 0.045,
    "priceBid": 0.035,
    "priceChange": 0,
    "priceChangePercent": 0,
    "priceLast": 0.035,
    "sector": "Energy",
    "industryGroup": "Energy",
    "securityType": 1,
    "volume": 619,
    "statusCode": "",
    "isin": "AU0000187270",
    "priceClose": 0.035,
    "priceDayHigh": 0.035,
    "priceDayLow": 0.035,
    "priceFiftyTwoWeekHigh": 0.16,
    "priceFiftyTwoWeekLow": 0.035,
    "volumeAverage": 60741.276596,
    "cashFlow": -1.308,
    "earningsPerShare": -0.0091,
    "freeCashFlowYield": -0.0000100000010000001,
    "priceEarningsRatio": -99999.99,
    "priceToCash": -99999.99,
    "foreignExempt": false,
    "shareDescription": "Ordinary Fully Paid",
    "numOfShares": 255000001,
    "yieldAnnual": 0,
    "incomeStatement": [
      {
        "revenue": 0,
        "netIncome": -664000,
        "period": "2021A",
        "fPeriodEndDate": 44561,
        "curCode": "AUD"
      },
      {
        "revenue": 0,
        "netIncome": -2615000,
        "period": "2020A",
        "fPeriodEndDate": 44196,
        "curCode": "AUD"
      },
      {
        "revenue": 0,
        "netIncome": -1182000,
        "period": "2019A",
        "fPeriodEndDate": 43830,
        "curCode": "AUD"
      }
    ]
  },
  {
    "symbol": "BLZ",
    "displayName": "BLAZE MINERALS LIMITED",
    "industry": "Energy",
    "dateListed": "1996-09-12",
    "marketCap": 4042591,
    "xid": "63027",
    "priceChangeFiveDayPercent": 0,
    "isRecentListing": false,
    "priceAsk": 0.014,
    "priceBid": 0.011,
    "priceChange": 0,
    "priceChangePercent": 0,
    "priceLast": 0.011,
    "sector": "Energy",
    "industryGroup": "Energy",
    "securityType": 1,
    "volume": 0,
    "statusCode": "",
    "isin": "AU000000BLZ5",
    "priceClose": 0.011,
    "priceFiftyTwoWeekHigh": 0.054,
    "priceFiftyTwoWeekLow": 0.01,
    "volumeAverage": 252643.258621,
    "cashFlow": -1.43974,
    "earningsPerShare": -0.00456,
    "freeCashFlowYield": -0.0000100000010000001,
    "priceEarningsRatio": -99999.99,
    "priceToCash": -99999.99,
    "foreignExempt": false,
    "shareDescription": "Ordinary Fully Paid",
    "numOfShares": 367508246,
    "yieldAnnual": 0,
    "incomeStatement": [
      {
        "revenue": 8210,
        "netIncome": -1610090,
        "period": "2022A",
        "fPeriodEndDate": 44742,
        "curCode": "AUD"
      },
      {
        "revenue": 390,
        "netIncome": -2428350,
        "period": "2021A",
        "fPeriodEndDate": 44377,
        "curCode": "AUD"
      },
      {
        "revenue": 50,
        "netIncome": -756160,
        "period": "2020A",
        "fPeriodEndDate": 44012,
        "curCode": "AUD"
      },
      {
        "revenue": 2220,
        "netIncome": -710570,
        "period": "2019A",
        "fPeriodEndDate": 43646,
        "curCode": "AUD"
      }
    ]
  },
  {
    "symbol": "BLU",
    "displayName": "BLUE ENERGY LIMITED.",
    "industry": "Energy",
    "dateListed": "1994-10-13",
    "marketCap": 101793754,
    "xid": "1562366",
    "priceChangeFiveDayPercent": -7.017543859649129,
    "isRecentListing": false,
    "priceAsk": 0.055,
    "priceBid": 0.053,
    "priceChange": -0.0020000000000000018,
    "priceChangePercent": -3.63636363636364,
    "priceLast": 0.053,
    "sector": "Energy",
    "industryGroup": "Energy",
    "securityType": 1,
    "volume": 154239,
    "statusCode": "",
    "isin": "AU0000044364",
    "priceClose": 0.055,
    "priceDayHigh": 0.056,
    "priceDayLow": 0.053,
    "priceFiftyTwoWeekHigh": 0.11,
    "priceFiftyTwoWeekLow": 0.041,
    "volumeAverage": 1830375.956044,
    "cashFlow": -4.596,
    "earningsPerShare": -0.00101,
    "freeCashFlowYield": -0.0000100000010000001,
    "priceEarningsRatio": -99999.99,
    "priceToCash": -99999.99,
    "foreignExempt": false,
    "shareDescription": "Ordinary Fully Paid",
    "numOfShares": 1850795534,
    "yieldAnnual": 0,
    "incomeStatement": [
      {
        "revenue": 15000,
        "netIncome": -1495000,
        "period": "2022A",
        "fPeriodEndDate": 44742,
        "curCode": "AUD"
      },
      {
        "revenue": 17000,
        "netIncome": -995000,
        "period": "2021A",
        "fPeriodEndDate": 44377,
        "curCode": "AUD"
      },
      {
        "revenue": 78000,
        "netIncome": -5057000,
        "period": "2020A",
        "fPeriodEndDate": 44012,
        "curCode": "AUD"
      },
      {
        "revenue": 43000,
        "netIncome": -5880000,
        "period": "2019A",
        "fPeriodEndDate": 43646,
        "curCode": "AUD"
      }
    ]
  },
  {
    "symbol": "BNL",
    "displayName": "BLUE STAR HELIUM LIMITED",
    "industry": "Energy",
    "dateListed": "1994-11-24",
    "marketCap": 57102122,
    "xid": "56535",
    "priceChangeFiveDayPercent": 18.749999999999996,
    "isRecentListing": false,
    "priceAsk": 0.039,
    "priceBid": 0.038,
    "priceChange": 0.001999999999999995,
    "priceChangePercent": 5.55555555555554,
    "priceLast": 0.038,
    "sector": "Energy",
    "industryGroup": "Energy",
    "securityType": 1,
    "volume": 6889295,
    "statusCode": "",
    "isin": "AU0000014458",
    "priceClose": 0.036000000000000004,
    "priceDayHigh": 0.042,
    "priceDayLow": 0.035,
    "priceFiftyTwoWeekHigh": 0.064,
    "priceFiftyTwoWeekLow": 0.025,
    "volumeAverage": 2868081.034091,
    "cashFlow": -7.23103,
    "earningsPerShare": -0.00255,
    "freeCashFlowYield": -0.0000100000010000001,
    "priceEarningsRatio": -99999.99,
    "priceToCash": -99999.99,
    "foreignExempt": false,
    "shareDescription": "Ordinary Fully Paid",
    "numOfShares": 1586170058,
    "yieldAnnual": 0,
    "incomeStatement": [
      {
        "revenue": 8540,
        "netIncome": -1395780,
        "period": "2021A",
        "fPeriodEndDate": 44561,
        "curCode": "AUD"
      },
      {
        "revenue": 5640,
        "netIncome": -1690120,
        "period": "2020A",
        "fPeriodEndDate": 44196,
        "curCode": "AUD"
      },
      {
        "revenue": 10790,
        "netIncome": -906960,
        "period": "2019A",
        "fPeriodEndDate": 43830,
        "curCode": "AUD"
      },
      {
        "revenue": 50250,
        "netIncome": 46697290,
        "period": "2018A",
        "fPeriodEndDate": 43465,
        "curCode": "AUD"
      }
    ]
  },
  {
    "symbol": "BOE",
    "displayName": "BOSS ENERGY LTD",
    "industry": "Energy",
    "dateListed": "2007-07-25",
    "marketCap": 712209301,
    "xid": "7501402",
    "priceChangeFiveDayPercent": -5.238095238095243,
    "isRecentListing": false,
    "priceAsk": 2.0300000000000002,
    "priceBid": 1.98,
    "priceChange": -0.030000000000000027,
    "priceChangePercent": -1.4851485148514865,
    "priceLast": 1.99,
    "sector": "Energy",
    "industryGroup": "Energy",
    "securityType": 1,
    "volume": 1017372,
    "statusCode": "",
    "isin": "AU000000BOE4",
    "priceClose": 2.02,
    "priceDayHigh": 2.0300000000000002,
    "priceDayLow": 1.97,
    "priceFiftyTwoWeekHigh": 3.1,
    "priceFiftyTwoWeekLow": 1.61,
    "volumeAverage": 1519230.989011,
    "cashFlow": -7.37171,
    "earningsPerShare": 0.1012,
    "freeCashFlowYield": 0.043846475949111785,
    "priceEarningsRatio": 19.96047,
    "priceToCash": 22.80685,
    "foreignExempt": false,
    "shareDescription": "Ordinary Fully Paid",
    "numOfShares": 352578862,
    "yieldAnnual": 0,
    "incomeStatement": [
      {
        "revenue": 495910,
        "netIncome": 31186990,
        "period": "2022A",
        "fPeriodEndDate": 44742,
        "curCode": "AUD"
      },
      {
        "revenue": 426820,
        "netIncome": 864750,
        "period": "2021A",
        "fPeriodEndDate": 44377,
        "curCode": "AUD"
      },
      {
        "revenue": 600540,
        "netIncome": -5084470,
        "period": "2020A",
        "fPeriodEndDate": 44012,
        "curCode": "AUD"
      },
      {
        "revenue": 1528370,
        "netIncome": -1221690,
        "period": "2019A",
        "fPeriodEndDate": 43646,
        "curCode": "AUD"
      }
    ]
  },
  {
    "symbol": "BTE",
    "displayName": "BOTALA ENERGY LTD",
    "industry": "Energy",
    "dateListed": "2022-07-14",
    "marketCap": 21790335,
    "xid": "728104980",
    "priceChangeFiveDayPercent": 6.666666666666673,
    "isRecentListing": true,
    "priceAsk": 0.16,
    "priceBid": 0.115,
    "priceChange": 0,
    "priceChangePercent": 0,
    "priceLast": 0.16,
    "sector": "Energy",
    "industryGroup": "Energy",
    "securityType": 1,
    "volume": 0,
    "statusCode": "",
    "isin": "AU0000224552",
    "priceClose": 0.16,
    "priceFiftyTwoWeekHigh": 0.215,
    "priceFiftyTwoWeekLow": 0.13,
    "volumeAverage": 55325.345455,
    "cashFlow": -0.36464,
    "earningsPerShare": -0.04935,
    "freeCashFlowYield": -0.0000100000010000001,
    "priceEarningsRatio": -99999.99,
    "priceToCash": -99999.99,
    "foreignExempt": false,
    "shareDescription": "Ordinary Fully Paid",
    "numOfShares": 136189594,
    "yieldAnnual": 0,
    "incomeStatement": [
      {
        "revenue": 190,
        "netIncome": -1097770,
        "period": "2022A",
        "fPeriodEndDate": 44742,
        "curCode": "AUD"
      },
      {
        "revenue": 60,
        "netIncome": -96500,
        "period": "2021A",
        "fPeriodEndDate": 44377,
        "curCode": "AUD"
      },
      {
        "revenue": 50,
        "netIncome": -16400,
        "period": "2020A",
        "fPeriodEndDate": 44012,
        "curCode": "AUD"
      },
      {
        "revenue": 230,
        "netIncome": -20830,
        "period": "2019A",
        "fPeriodEndDate": 43646,
        "curCode": "AUD"
      }
    ]
  },
  {
    "symbol": "BUY",
    "displayName": "BOUNTY OIL & GAS NL",
    "industry": "Energy",
    "dateListed": "2002-02-05",
    "marketCap": 8223006,
    "xid": "67554",
    "priceChangeFiveDayPercent": 0,
    "isRecentListing": false,
    "priceAsk": 0.007,
    "priceBid": 0.006,
    "priceChange": 0,
    "priceChangePercent": 0,
    "priceLast": 0.006,
    "sector": "Energy",
    "industryGroup": "Energy",
    "securityType": 1,
    "volume": 252600,
    "statusCode": "",
    "isin": "AU000000BUY9",
    "priceClose": 0.006,
    "priceDayHigh": 0.006,
    "priceDayLow": 0.006,
    "priceFiftyTwoWeekHigh": 0.015,
    "priceFiftyTwoWeekLow": 0.006,
    "volumeAverage": 3411730.246753,
    "cashFlow": -0.98025,
    "earningsPerShare": -0.00172,
    "freeCashFlowYield": -0.0000100000010000001,
    "priceEarningsRatio": -99999.99,
    "priceToCash": -99999.99,
    "foreignExempt": false,
    "shareDescription": "Ordinary Fully Paid",
    "numOfShares": 1370500982,
    "yieldAnnual": 0,
    "incomeStatement": [
      {
        "revenue": 1901340,
        "netIncome": -2482750,
        "period": "2022A",
        "fPeriodEndDate": 44742,
        "curCode": "AUD"
      },
      {
        "revenue": 1472480,
        "netIncome": -2907580,
        "period": "2021A",
        "fPeriodEndDate": 44377,
        "curCode": "AUD"
      },
      {
        "revenue": 2911960,
        "netIncome": -3102590,
        "period": "2020A",
        "fPeriodEndDate": 44012,
        "curCode": "AUD"
      },
      {
        "revenue": 3660260,
        "netIncome": -2782570,
        "period": "2019A",
        "fPeriodEndDate": 43646,
        "curCode": "AUD"
      }
    ]
  },
  {
    "symbol": "BRK",
    "displayName": "BROOKSIDE ENERGY LIMITED",
    "industry": "Energy",
    "dateListed": "2005-10-31",
    "marketCap": 60147275,
    "xid": "275465244",
    "priceChangeFiveDayPercent": 0,
    "isRecentListing": false,
    "priceAsk": 0.012,
    "priceBid": 0.011,
    "priceChange": -0.0010000000000000009,
    "priceChangePercent": -8.333333333333341,
    "priceLast": 0.011,
    "sector": "Energy",
    "industryGroup": "Energy",
    "securityType": 1,
    "volume": 3225722,
    "statusCode": "",
    "isin": "AU000000BRK4",
    "priceClose": 0.012,
    "priceDayHigh": 0.012,
    "priceDayLow": 0.011,
    "priceFiftyTwoWeekHigh": 0.027,
    "priceFiftyTwoWeekLow": 0.011,
    "volumeAverage": 6302612.593407,
    "cashFlow": -6.57227,
    "earningsPerShare": 0.00112,
    "freeCashFlowYield": 0.12494502418935668,
    "priceEarningsRatio": 10.71429,
    "priceToCash": 8.00352,
    "foreignExempt": false,
    "shareDescription": "Ordinary Fully Paid",
    "numOfShares": 5012272899,
    "yieldAnnual": 0,
    "incomeStatement": [
      {
        "revenue": 4953270,
        "netIncome": -2611340,
        "period": "2021A",
        "fPeriodEndDate": 44561,
        "curCode": "AUD"
      },
      {
        "revenue": 365880,
        "netIncome": -2436570,
        "period": "2020A",
        "fPeriodEndDate": 44196,
        "curCode": "AUD"
      },
      {
        "revenue": 2187310,
        "netIncome": 917500,
        "period": "2019A",
        "fPeriodEndDate": 43830,
        "curCode": "AUD"
      },
      {
        "revenue": 1180,
        "netIncome": -1217780,
        "period": "2018A",
        "fPeriodEndDate": 43465,
        "curCode": "AUD"
      }
    ]
  },
  {
    "symbol": "BRU",
    "displayName": "BURU ENERGY LIMITED",
    "industry": "Energy",
    "dateListed": "2008-09-01",
    "marketCap": 56028050,
    "xid": "12726856",
    "priceChangeFiveDayPercent": -3.6458333333333366,
    "isRecentListing": false,
    "priceAsk": 0.094,
    "priceBid": 0.092,
    "priceChange": -0.0015000000000000013,
    "priceChangePercent": -1.5957446808510651,
    "priceLast": 0.0925,
    "sector": "Energy",
    "industryGroup": "Energy",
    "securityType": 1,
    "volume": 315000,
    "statusCode": "",
    "isin": "AU000000BRU3",
    "priceClose": 0.094,
    "priceDayHigh": 0.094,
    "priceDayLow": 0.09,
    "priceFiftyTwoWeekHigh": 0.29,
    "priceFiftyTwoWeekLow": 0.083,
    "volumeAverage": 271990.538462,
    "cashFlow": -24.209,
    "earningsPerShare": -0.02571,
    "freeCashFlowYield": -0.0000100000010000001,
    "priceEarningsRatio": -99999.99,
    "priceToCash": -99999.99,
    "foreignExempt": false,
    "shareDescription": "Ordinary Fully Paid",
    "numOfShares": 596043085,
    "yieldAnnual": 0,
    "incomeStatement": [
      {
        "revenue": 9608000,
        "netIncome": -10751000,
        "period": "2021A",
        "fPeriodEndDate": 44561,
        "curCode": "AUD"
      },
      {
        "revenue": 11304000,
        "netIncome": -28823000,
        "period": "2020A",
        "fPeriodEndDate": 44196,
        "curCode": "AUD"
      },
      {
        "revenue": 13776000,
        "netIncome": -27534000,
        "period": "2019A",
        "fPeriodEndDate": 43830,
        "curCode": "AUD"
      },
      {
        "revenue": 19877000,
        "netIncome": 29737000,
        "period": "2018A",
        "fPeriodEndDate": 43465,
        "curCode": "AUD"
      }
    ]
  },
  {
    "symbol": "BYE",
    "displayName": "BYRON ENERGY LIMITED",
    "industry": "Energy",
    "dateListed": "2005-06-03",
    "marketCap": 124360437,
    "xid": "1832678",
    "priceChangeFiveDayPercent": 0,
    "isRecentListing": false,
    "priceAsk": 0.12,
    "priceBid": 0.115,
    "priceChange": 0,
    "priceChangePercent": 0,
    "priceLast": 0.115,
    "sector": "Energy",
    "industryGroup": "Energy",
    "securityType": 1,
    "volume": 35023,
    "statusCode": "",
    "isin": "AU000000BYE3",
    "priceClose": 0.115,
    "priceDayHigh": 0.115,
    "priceDayLow": 0.115,
    "priceFiftyTwoWeekHigh": 0.1925,
    "priceFiftyTwoWeekLow": 0.11,
    "volumeAverage": 501787.651685,
    "dateExDate": "2012-06-27",
    "datePayDate": "2012-07-10",
    "dateRecordDate": "2012-07-03",
    "dividend": 0.135,
    "dividendType": "F",
    "frankingPercent": 100,
    "cashFlow": 16.44897,
    "earningsPerShare": 0.03096,
    "freeCashFlowYield": 0.40923395495971093,
    "priceEarningsRatio": 3.71501,
    "priceToCash": 2.44359,
    "foreignExempt": false,
    "shareDescription": "Ordinary Fully Paid",
    "numOfShares": 1081395102,
    "yieldAnnual": 0,
    "incomeStatement": [
      {
        "revenue": 64727500,
        "netIncome": 22215310,
        "period": "2022A",
        "fPeriodEndDate": 44742,
        "curCode": "USD"
      },
      {
        "revenue": 43260600,
        "netIncome": 5854380,
        "period": "2021A",
        "fPeriodEndDate": 44377,
        "curCode": "USD"
      },
      {
        "revenue": 24368700,
        "netIncome": 68350,
        "period": "2020A",
        "fPeriodEndDate": 44012,
        "curCode": "USD"
      },
      {
        "revenue": 38572360,
        "netIncome": 5718990,
        "period": "2019A",
        "fPeriodEndDate": 43646,
        "curCode": "USD"
      }
    ]
  },
  {
    "symbol": "CE1",
    "displayName": "CALIMA ENERGY LIMITED",
    "industry": "Energy",
    "dateListed": "2006-07-28",
    "marketCap": 82586354,
    "xid": "679321366",
    "priceChangeFiveDayPercent": -3.703703703703707,
    "isRecentListing": false,
    "priceAsk": 0.135,
    "priceBid": 0.13,
    "priceChange": -0.0050000000000000044,
    "priceChangePercent": -3.703703703703707,
    "priceLast": 0.13,
    "sector": "Energy",
    "industryGroup": "Energy",
    "securityType": 1,
    "volume": 1232777,
    "statusCode": "",
    "isin": "AU000000CE10",
    "priceClose": 0.135,
    "priceDayHigh": 0.135,
    "priceDayLow": 0.13,
    "priceFiftyTwoWeekHigh": 0.255,
    "priceFiftyTwoWeekLow": 0.097,
    "volumeAverage": 1259789.692308,
    "cashFlow": 4.357,
    "earningsPerShare": -0.05886,
    "freeCashFlowYield": -0.0000100000010000001,
    "priceEarningsRatio": -99999.99,
    "priceToCash": -99999.99,
    "foreignExempt": false,
    "shareDescription": "Ordinary Fully Paid",
    "numOfShares": 611750769,
    "yieldAnnual": 0,
    "incomeStatement": [
      {
        "revenue": 38577000,
        "netIncome": -31980000,
        "period": "2021A",
        "fPeriodEndDate": 44561,
        "curCode": "AUD"
      },
      {
        "revenue": 280950,
        "netIncome": -6394740,
        "period": "2020A",
        "fPeriodEndDate": 44196,
        "curCode": "AUD"
      },
      {
        "revenue": 293440,
        "netIncome": -1583600,
        "period": "2019A",
        "fPeriodEndDate": 43830,
        "curCode": "AUD"
      },
      {
        "revenue": 165710,
        "netIncome": -3127300,
        "period": "2018A",
        "fPeriodEndDate": 43465,
        "curCode": "AUD"
      }
    ]
  },
  {
    "symbol": "CRM",
    "displayName": "CARBON MINERALS LIMITED",
    "industry": "Energy",
    "dateListed": "1980-12-31",
    "marketCap": -1,
    "xid": "81380",
    "priceChangeFiveDayPercent": 0,
    "isRecentListing": false,
    "priceChange": 0,
    "priceChangePercent": 0,
    "priceLast": 0.31,
    "sector": "Energy",
    "industryGroup": "Energy",
    "securityType": 1,
    "volume": 0,
    "statusCode": "",
    "isin": "AU000000CRM8",
    "priceClose": 0.31,
    "priceFiftyTwoWeekHigh": 0.42,
    "priceFiftyTwoWeekLow": 0.31,
    "cashFlow": -0.52019,
    "earningsPerShare": -0.01834,
    "freeCashFlowYield": -0.0000100000010000001,
    "priceEarningsRatio": -99999.99,
    "priceToCash": -99999.99,
    "foreignExempt": false,
    "shareDescription": "Ordinary Fully Paid",
    "numOfShares": 18803498,
    "yieldAnnual": 0,
    "incomeStatement": [
      {
        "revenue": 11520,
        "netIncome": -358040,
        "period": "2021A",
        "fPeriodEndDate": 44561,
        "curCode": "AUD"
      },
      {
        "revenue": 60970,
        "netIncome": -640060,
        "period": "2020A",
        "fPeriodEndDate": 44196,
        "curCode": "AUD"
      },
      {
        "revenue": 86820,
        "netIncome": -333830,
        "period": "2019A",
        "fPeriodEndDate": 43830,
        "curCode": "AUD"
      },
      {
        "revenue": 105970,
        "netIncome": -318640,
        "period": "2018A",
        "fPeriodEndDate": 43465,
        "curCode": "AUD"
      }
    ]
  },
  {
    "symbol": "CVN",
    "displayName": "CARNARVON ENERGY LIMITED",
    "industry": "Energy",
    "dateListed": "1984-08-16",
    "marketCap": 261027101,
    "xid": "83935",
    "priceChangeFiveDayPercent": 0,
    "isRecentListing": false,
    "priceAsk": 0.15,
    "priceBid": 0.145,
    "priceChange": 0.0050000000000000044,
    "priceChangePercent": 3.448275862068969,
    "priceLast": 0.15,
    "sector": "Energy",
    "industryGroup": "Energy",
    "securityType": 1,
    "volume": 317072,
    "statusCode": "",
    "isin": "AU000000CVN8",
    "priceClose": 0.145,
    "priceDayHigh": 0.15,
    "priceDayLow": 0.14,
    "priceFiftyTwoWeekHigh": 0.435,
    "priceFiftyTwoWeekLow": 0.135,
    "volumeAverage": 1941848.021978,
    "cashFlow": -43.764,
    "earningsPerShare": -0.0339,
    "freeCashFlowYield": -0.0000100000010000001,
    "priceEarningsRatio": -99999.99,
    "priceToCash": -99999.99,
    "foreignExempt": false,
    "shareDescription": "Ordinary Fully Paid",
    "numOfShares": 1800186904,
    "yieldAnnual": 0,
    "incomeStatement": [
      {
        "revenue": 0,
        "netIncome": -53753000,
        "period": "2022A",
        "fPeriodEndDate": 44742,
        "curCode": "AUD"
      },
      {
        "revenue": 0,
        "netIncome": 17136000,
        "period": "2021A",
        "fPeriodEndDate": 44377,
        "curCode": "AUD"
      },
      {
        "revenue": 0,
        "netIncome": -4137000,
        "period": "2020A",
        "fPeriodEndDate": 44012,
        "curCode": "AUD"
      },
      {
        "revenue": 0,
        "netIncome": -8021000,
        "period": "2019A",
        "fPeriodEndDate": 43646,
        "curCode": "AUD"
      }
    ]
  },
  {
    "symbol": "CXU",
    "displayName": "CAULDRON ENERGY LIMITED",
    "industry": "Energy",
    "dateListed": "2005-01-28",
    "marketCap": 5240070,
    "xid": "253740",
    "priceChangeFiveDayPercent": -6.666666666666662,
    "isRecentListing": false,
    "priceAsk": 0.008,
    "priceBid": 0.007,
    "priceChange": -0.0005000000000000004,
    "priceChangePercent": -6.666666666666672,
    "priceLast": 0.007,
    "sector": "Energy",
    "industryGroup": "Energy",
    "securityType": 1,
    "volume": 176923,
    "statusCode": "",
    "isin": "AU000000CXU9",
    "priceClose": 0.007500000000000001,
    "priceDayHigh": 0.007500000000000001,
    "priceDayLow": 0.007,
    "priceFiftyTwoWeekHigh": 0.0281,
    "priceFiftyTwoWeekLow": 0.00678,
    "volumeAverage": 852455.778094,
    "cashFlow": -2.78352,
    "earningsPerShare": -0.00361,
    "freeCashFlowYield": -0.0000100000010000001,
    "priceEarningsRatio": -99999.99,
    "priceToCash": -99999.99,
    "foreignExempt": false,
    "shareDescription": "Ordinary Fully Paid",
    "numOfShares": 698676001,
    "yieldAnnual": 0,
    "incomeStatement": [
      {
        "revenue": 840,
        "netIncome": -1854950,
        "period": "2022A",
        "fPeriodEndDate": 44742,
        "curCode": "AUD"
      },
      {
        "revenue": 0,
        "netIncome": -669500,
        "period": "2021A",
        "fPeriodEndDate": 44377,
        "curCode": "AUD"
      },
      {
        "revenue": 1420,
        "netIncome": -1634620,
        "period": "2020A",
        "fPeriodEndDate": 44012,
        "curCode": "AUD"
      },
      {
        "revenue": 11230,
        "netIncome": -3197800,
        "period": "2019A",
        "fPeriodEndDate": 43646,
        "curCode": "AUD"
      }
    ]
  },
  {
    "symbol": "CXUN",
    "displayName": "CAULDRON ENERGY LIMITED",
    "industry": "Energy",
    "dateListed": "2005-01-28",
    "marketCap": 5240070,
    "xid": "773255478",
    "priceChangeFiveDayPercent": 0,
    "isRecentListing": false,
    "priceChange": 0,
    "priceChangePercent": 0,
    "priceLast": 0,
    "sector": "Energy",
    "industryGroup": "Energy",
    "securityType": 1,
    "volume": 0,
    "statusCode": "",
    "isin": "AU0000255895",
    "priceClose": 0,
    "priceFiftyTwoWeekHigh": 0,
    "priceFiftyTwoWeekLow": 0,
    "cashFlow": -2.78352,
    "earningsPerShare": -0.00361,
    "freeCashFlowYield": -0.0000100000010000001,
    "priceEarningsRatio": -99999.99,
    "priceToCash": -99999.99,
    "foreignExempt": false,
    "shareDescription": "Ordinary Fully Paid Deferred",
    "numOfShares": 698676001,
    "yieldAnnual": -32768,
    "incomeStatement": [
      {
        "revenue": 840,
        "netIncome": -1854950,
        "period": "2022A",
        "fPeriodEndDate": 44742,
        "curCode": "AUD"
      },
      {
        "revenue": 0,
        "netIncome": -669500,
        "period": "2021A",
        "fPeriodEndDate": 44377,
        "curCode": "AUD"
      },
      {
        "revenue": 1420,
        "netIncome": -1634620,
        "period": "2020A",
        "fPeriodEndDate": 44012,
        "curCode": "AUD"
      },
      {
        "revenue": 11230,
        "netIncome": -3197800,
        "period": "2019A",
        "fPeriodEndDate": 43646,
        "curCode": "AUD"
      }
    ]
  },
  {
    "symbol": "CTP",
    "displayName": "CENTRAL PETROLEUM LIMITED",
    "industry": "Energy",
    "dateListed": "2006-03-07",
    "marketCap": 58705466,
    "xid": "3494642",
    "priceChangeFiveDayPercent": -0.6250000000000006,
    "isRecentListing": false,
    "priceAsk": 0.08,
    "priceBid": 0.079,
    "priceChange": -0.0010000000000000009,
    "priceChangePercent": -1.2422360248447215,
    "priceLast": 0.0795,
    "sector": "Energy",
    "industryGroup": "Energy",
    "securityType": 1,
    "volume": 37526,
    "statusCode": "",
    "isin": "AU000000CTP7",
    "priceClose": 0.0805,
    "priceDayHigh": 0.0805,
    "priceDayLow": 0.0795,
    "priceFiftyTwoWeekHigh": 0.135,
    "priceFiftyTwoWeekLow": 0.078,
    "volumeAverage": 264311.47191,
    "cashFlow": -7.151,
    "earningsPerShare": 0.0287,
    "freeCashFlowYield": 0.47864295150389613,
    "priceEarningsRatio": 2.80488,
    "priceToCash": 2.08924,
    "foreignExempt": false,
    "shareDescription": "Ordinary Fully Paid",
    "numOfShares": 729260450,
    "yieldAnnual": 0,
    "incomeStatement": [
      {
        "revenue": 42151000,
        "netIncome": 21320000,
        "period": "2022A",
        "fPeriodEndDate": 44742,
        "curCode": "AUD"
      },
      {
        "revenue": 59827000,
        "netIncome": 251000,
        "period": "2021A",
        "fPeriodEndDate": 44377,
        "curCode": "AUD"
      },
      {
        "revenue": 65046000,
        "netIncome": 5411000,
        "period": "2020A",
        "fPeriodEndDate": 44012,
        "curCode": "AUD"
      },
      {
        "revenue": 59357760,
        "netIncome": -14526410,
        "period": "2019A",
        "fPeriodEndDate": 43646,
        "curCode": "AUD"
      }
    ]
  },
  {
    "symbol": "CEL",
    "displayName": "CHALLENGER EXPLORATION LIMITED",
    "industry": "Energy",
    "dateListed": "2007-11-07",
    "marketCap": 177634913,
    "xid": "8952554",
    "priceChangeFiveDayPercent": -2.777777777777765,
    "isRecentListing": false,
    "priceAsk": 0.185,
    "priceBid": 0.17,
    "priceChange": 0.0050000000000000044,
    "priceChangePercent": 2.9411764705882377,
    "priceLast": 0.17500000000000002,
    "sector": "Materials",
    "industryGroup": "Materials",
    "securityType": 1,
    "volume": 96101,
    "statusCode": "",
    "isin": "AU000000CEL8",
    "priceClose": 0.17,
    "priceDayHigh": 0.17500000000000002,
    "priceDayLow": 0.17,
    "priceFiftyTwoWeekHigh": 0.36,
    "priceFiftyTwoWeekLow": 0.1375,
    "volumeAverage": 575492.94382,
    "cashFlow": -54.41249,
    "earningsPerShare": 0.02603,
    "freeCashFlowYield": 0.145516985470129,
    "priceEarningsRatio": 6.53093,
    "priceToCash": 6.87205,
    "foreignExempt": false,
    "shareDescription": "Ordinary Fully Paid",
    "numOfShares": 1044911250,
    "yieldAnnual": 0,
    "incomeStatement": [
      {
        "revenue": 1890,
        "netIncome": 25785970,
        "period": "2022A",
        "fPeriodEndDate": 44742,
        "curCode": "AUD"
      },
      {
        "revenue": 3470,
        "netIncome": 3258570,
        "period": "2021A",
        "fPeriodEndDate": 44377,
        "curCode": "AUD"
      },
      {
        "revenue": 3250,
        "netIncome": -1735300,
        "period": "2020A",
        "fPeriodEndDate": 44012,
        "curCode": "AUD"
      },
      {
        "revenue": 30,
        "netIncome": -5834970,
        "period": "2019A",
        "fPeriodEndDate": 43646,
        "curCode": "AUD"
      }
    ]
  },
  {
    "symbol": "COI",
    "displayName": "COMET RIDGE LIMITED",
    "industry": "Energy",
    "dateListed": "2004-04-16",
    "marketCap": 166711559,
    "xid": "79226",
    "priceChangeFiveDayPercent": -6.060606060606066,
    "isRecentListing": false,
    "priceAsk": 0.16,
    "priceBid": 0.15,
    "priceChange": -0.010000000000000009,
    "priceChangePercent": -6.060606060606066,
    "priceLast": 0.155,
    "sector": "Energy",
    "industryGroup": "Energy",
    "securityType": 1,
    "volume": 714645,
    "statusCode": "",
    "isin": "AU000000COI3",
    "priceClose": 0.165,
    "priceDayHigh": 0.16,
    "priceDayLow": 0.155,
    "priceFiftyTwoWeekHigh": 0.2475,
    "priceFiftyTwoWeekLow": 0.097,
    "volumeAverage": 1545861.611111,
    "cashFlow": -23.688,
    "earningsPerShare": -0.00992,
    "freeCashFlowYield": -0.0000100000010000001,
    "priceEarningsRatio": -99999.99,
    "priceToCash": -99999.99,
    "foreignExempt": false,
    "shareDescription": "Ordinary Fully Paid",
    "numOfShares": 1010373085,
    "yieldAnnual": 0,
    "incomeStatement": [
      {
        "revenue": 6000,
        "netIncome": -8634000,
        "period": "2022A",
        "fPeriodEndDate": 44742,
        "curCode": "AUD"
      },
      {
        "revenue": 17000,
        "netIncome": -6960000,
        "period": "2021A",
        "fPeriodEndDate": 44377,
        "curCode": "AUD"
      },
      {
        "revenue": 93000,
        "netIncome": -10395000,
        "period": "2020A",
        "fPeriodEndDate": 44012,
        "curCode": "AUD"
      },
      {
        "revenue": 339000,
        "netIncome": -4001000,
        "period": "2019A",
        "fPeriodEndDate": 43646,
        "curCode": "AUD"
      }
    ]
  },
  {
    "symbol": "CRD",
    "displayName": "CONRAD ASIA ENERGY LTD.",
    "industry": "Energy",
    "dateListed": "2022-10-27",
    "marketCap": 206421692,
    "xid": "756871415",
    "priceChangeFiveDayPercent": 0,
    "isRecentListing": true,
    "priceAsk": 1.35,
    "priceBid": 1.305,
    "priceChange": 0,
    "priceChangePercent": 0,
    "priceLast": 1.295,
    "sector": "Energy",
    "industryGroup": "Energy",
    "securityType": 1,
    "volume": 0,
    "statusCode": "",
    "isin": "AU0000240970",
    "priceClose": 1.295,
    "priceFiftyTwoWeekHigh": 1.54,
    "priceFiftyTwoWeekLow": 1.295,
    "cashFlow": -9.74584,
    "earningsPerShare": -0.13012,
    "freeCashFlowYield": -0.0000100000010000001,
    "priceEarningsRatio": -99999.99,
    "priceToCash": -99999.99,
    "foreignExempt": false,
    "shareDescription": "Chess Depositary Interests 1:1",
    "numOfShares": 159398990,
    "yieldAnnual": 0,
    "incomeStatement": [
      {
        "revenue": 189490,
        "netIncome": -11240040,
        "period": "2021A",
        "fPeriodEndDate": 44561,
        "curCode": "USD"
      },
      {
        "revenue": 202320,
        "netIncome": -7802940,
        "period": "2020A",
        "fPeriodEndDate": 44196,
        "curCode": "USD"
      }
    ]
  },
  {
    "symbol": "COE",
    "displayName": "COOPER ENERGY LIMITED",
    "industry": "Energy",
    "dateListed": "2002-03-13",
    "marketCap": 473675627,
    "xid": "79064",
    "priceChangeFiveDayPercent": -2.7027027027027053,
    "isRecentListing": false,
    "priceAsk": 0.18,
    "priceBid": 0.17,
    "priceChange": 0,
    "priceChangePercent": 0,
    "priceLast": 0.18,
    "sector": "Energy",
    "industryGroup": "Energy",
    "securityType": 1,
    "volume": 4219337,
    "statusCode": "",
    "isin": "AU000000COE2",
    "priceClose": 0.18,
    "priceDayHigh": 0.18,
    "priceDayLow": 0.17250000000000001,
    "priceFiftyTwoWeekHigh": 0.30905,
    "priceFiftyTwoWeekLow": 0.17,
    "volumeAverage": 7337163.571429,
    "cashFlow": 36.901,
    "earningsPerShare": -0.00614,
    "freeCashFlowYield": 0.09178008390535271,
    "priceEarningsRatio": -99999.99,
    "priceToCash": 10.89561,
    "foreignExempt": false,
    "shareDescription": "Ordinary Fully Paid",
    "numOfShares": 2631531260,
    "yieldAnnual": 0,
    "incomeStatement": [
      {
        "revenue": 205389000,
        "netIncome": -10558000,
        "period": "2022A",
        "fPeriodEndDate": 44742,
        "curCode": "AUD"
      },
      {
        "revenue": 131734000,
        "netIncome": -30037000,
        "period": "2021A",
        "fPeriodEndDate": 44377,
        "curCode": "AUD"
      },
      {
        "revenue": 78139000,
        "netIncome": -86029000,
        "period": "2020A",
        "fPeriodEndDate": 44012,
        "curCode": "AUD"
      },
      {
        "revenue": 75543000,
        "netIncome": -12051000,
        "period": "2019A",
        "fPeriodEndDate": 43646,
        "curCode": "AUD"
      }
    ]
  },
  {
    "symbol": "CUE",
    "displayName": "CUE ENERGY RESOURCES LIMITED",
    "industry": "Energy",
    "dateListed": "1995-12-11",
    "marketCap": 46774021,
    "xid": "83477",
    "priceChangeFiveDayPercent": -1.492537313432837,
    "isRecentListing": false,
    "priceAsk": 0.067,
    "priceBid": 0.066,
    "priceChange": -0.0010000000000000009,
    "priceChangePercent": -1.492537313432837,
    "priceLast": 0.066,
    "sector": "Energy",
    "industryGroup": "Energy",
    "securityType": 1,
    "volume": 11600,
    "statusCode": "",
    "isin": "AU000000CUE9",
    "priceClose": 0.067,
    "priceDayHigh": 0.066,
    "priceDayLow": 0.066,
    "priceFiftyTwoWeekHigh": 0.094,
    "priceFiftyTwoWeekLow": 0.057,
    "volumeAverage": 164149.328125,
    "cashFlow": 11.069,
    "earningsPerShare": 0.02301,
    "freeCashFlowYield": 0.4610462060507704,
    "priceEarningsRatio": 2.91178,
    "priceToCash": 2.16898,
    "foreignExempt": false,
    "shareDescription": "Ordinary Fully Paid",
    "numOfShares": 698119720,
    "yieldAnnual": 0,
    "incomeStatement": [
      {
        "revenue": 44439000,
        "netIncome": 16068000,
        "period": "2022A",
        "fPeriodEndDate": 44742,
        "curCode": "AUD"
      },
      {
        "revenue": 22449000,
        "netIncome": -12743000,
        "period": "2021A",
        "fPeriodEndDate": 44377,
        "curCode": "AUD"
      },
      {
        "revenue": 23916000,
        "netIncome": 1313000,
        "period": "2020A",
        "fPeriodEndDate": 44012,
        "curCode": "AUD"
      },
      {
        "revenue": 25730000,
        "netIncome": 8549000,
        "period": "2019A",
        "fPeriodEndDate": 43646,
        "curCode": "AUD"
      }
    ]
  },
  {
    "symbol": "DYL",
    "displayName": "DEEP YELLOW LIMITED",
    "industry": "Energy",
    "dateListed": "1985-12-19",
    "marketCap": 512242911,
    "xid": "94506",
    "priceChangeFiveDayPercent": -5.555555555555546,
    "isRecentListing": false,
    "priceAsk": 0.68,
    "priceBid": 0.675,
    "priceChange": 0,
    "priceChangePercent": 0,
    "priceLast": 0.68,
    "sector": "Energy",
    "industryGroup": "Energy",
    "securityType": 1,
    "volume": 785396,
    "statusCode": "",
    "isin": "AU000000DYL4",
    "priceClose": 0.68,
    "priceDayHigh": 0.685,
    "priceDayLow": 0.67,
    "priceFiftyTwoWeekHigh": 1.255,
    "priceFiftyTwoWeekLow": 0.55,
    "volumeAverage": 2628844.604396,
    "cashFlow": -12.00244,
    "earningsPerShare": -0.01834,
    "freeCashFlowYield": -0.0000100000010000001,
    "priceEarningsRatio": -99999.99,
    "priceToCash": -99999.99,
    "foreignExempt": false,
    "shareDescription": "Ordinary Fully Paid",
    "numOfShares": 753298399,
    "yieldAnnual": 0,
    "incomeStatement": [
      {
        "revenue": 514970,
        "netIncome": -6825310,
        "period": "2022A",
        "fPeriodEndDate": 44742,
        "curCode": "AUD"
      },
      {
        "revenue": 232480,
        "netIncome": -4815210,
        "period": "2021A",
        "fPeriodEndDate": 44377,
        "curCode": "AUD"
      },
      {
        "revenue": 298450,
        "netIncome": 2874860,
        "period": "2020A",
        "fPeriodEndDate": 44012,
        "curCode": "AUD"
      },
      {
        "revenue": 344650,
        "netIncome": -3814330,
        "period": "2019A",
        "fPeriodEndDate": 43646,
        "curCode": "AUD"
      }
    ]
  },
  {
    "symbol": "DEV",
    "displayName": "DEVEX RESOURCES LIMITED",
    "industry": "Energy",
    "dateListed": "2000-10-03",
    "marketCap": 107525787,
    "xid": "62769",
    "priceChangeFiveDayPercent": 0,
    "isRecentListing": false,
    "priceAsk": 0.295,
    "priceBid": 0.275,
    "priceChange": -0.009999999999999953,
    "priceChangePercent": -3.4482758620689498,
    "priceLast": 0.28,
    "sector": "Materials",
    "industryGroup": "Materials",
    "securityType": 1,
    "volume": 266955,
    "statusCode": "",
    "isin": "AU000000DEV5",
    "priceClose": 0.29,
    "priceDayHigh": 0.295,
    "priceDayLow": 0.275,
    "priceFiftyTwoWeekHigh": 0.615,
    "priceFiftyTwoWeekLow": 0.205,
    "volumeAverage": 474919.626374,
    "cashFlow": -9.32495,
    "earningsPerShare": -0.03796,
    "freeCashFlowYield": -0.0000100000010000001,
    "priceEarningsRatio": -99999.99,
    "priceToCash": -99999.99,
    "foreignExempt": false,
    "shareDescription": "Ordinary Fully Paid",
    "numOfShares": 370778575,
    "yieldAnnual": 0,
    "incomeStatement": [
      {
        "revenue": 0,
        "netIncome": -11908880,
        "period": "2022A",
        "fPeriodEndDate": 44742,
        "curCode": "AUD"
      },
      {
        "revenue": 0,
        "netIncome": -6584880,
        "period": "2021A",
        "fPeriodEndDate": 44377,
        "curCode": "AUD"
      },
      {
        "revenue": 0,
        "netIncome": -3473960,
        "period": "2020A",
        "fPeriodEndDate": 44012,
        "curCode": "AUD"
      },
      {
        "revenue": 0,
        "netIncome": -1444610,
        "period": "2019A",
        "fPeriodEndDate": 43646,
        "curCode": "AUD"
      }
    ]
  },
  {
    "symbol": "DOR",
    "displayName": "DORIEMUS PLC",
    "industry": "Energy",
    "dateListed": "2017-09-29",
    "marketCap": -1,
    "xid": "429233751",
    "priceChangeFiveDayPercent": 0,
    "isRecentListing": false,
    "priceChange": 0,
    "priceChangePercent": 0,
    "priceLast": 0.055,
    "sector": "Energy",
    "industryGroup": "Energy",
    "securityType": 1,
    "volume": 0,
    "statusCode": "",
    "isin": "AU000000DOR2",
    "priceClose": 0.055,
    "priceFiftyTwoWeekHigh": 0.16,
    "priceFiftyTwoWeekLow": 0.043,
    "volumeAverage": 93004.75,
    "cashFlow": -0.34204,
    "earningsPerShare": -0.01614,
    "freeCashFlowYield": -0.0000100000010000001,
    "priceEarningsRatio": -99999.99,
    "priceToCash": -99999.99,
    "foreignExempt": false,
    "shareDescription": "Chess Depositary Interests 1:1",
    "numOfShares": 120356105,
    "yieldAnnual": 0,
    "incomeStatement": []
  },
  {
    "symbol": "EPM",
    "displayName": "ECLIPSE METALS LIMITED.",
    "industry": "Energy",
    "dateListed": "2011-02-17",
    "marketCap": 32388110,
    "xid": "24296398",
    "priceChangeFiveDayPercent": 14.285714285714286,
    "isRecentListing": false,
    "priceAsk": 0.016,
    "priceBid": 0.015,
    "priceChange": 0,
    "priceChangePercent": 0,
    "priceLast": 0.016,
    "sector": "Energy",
    "industryGroup": "Energy",
    "securityType": 1,
    "volume": 36159,
    "statusCode": "",
    "isin": "AU000000EPM8",
    "priceClose": 0.016,
    "priceDayHigh": 0.016,
    "priceDayLow": 0.016,
    "priceFiftyTwoWeekHigh": 0.056,
    "priceFiftyTwoWeekLow": 0.014,
    "volumeAverage": 952245.178571,
    "cashFlow": -1.41304,
    "earningsPerShare": -0.00082,
    "freeCashFlowYield": -0.0000100000010000001,
    "priceEarningsRatio": -99999.99,
    "priceToCash": -99999.99,
    "foreignExempt": false,
    "shareDescription": "Ordinary Fully Paid",
    "numOfShares": 2024256848,
    "yieldAnnual": 0,
    "incomeStatement": [
      {
        "revenue": 210,
        "netIncome": -1318710,
        "period": "2022A",
        "fPeriodEndDate": 44742,
        "curCode": "AUD"
      },
      {
        "revenue": 310,
        "netIncome": -629060,
        "period": "2021A",
        "fPeriodEndDate": 44377,
        "curCode": "AUD"
      },
      {
        "revenue": 1140,
        "netIncome": -319100,
        "period": "2020A",
        "fPeriodEndDate": 44012,
        "curCode": "AUD"
      },
      {
        "revenue": 2040,
        "netIncome": -316220,
        "period": "2019A",
        "fPeriodEndDate": 43646,
        "curCode": "AUD"
      }
    ]
  },
  {
    "symbol": "EDE",
    "displayName": "EDEN INNOVATIONS LTD",
    "industry": "Energy",
    "dateListed": "2006-06-06",
    "marketCap": 13556151,
    "xid": "4574060",
    "priceChangeFiveDayPercent": -20,
    "isRecentListing": false,
    "priceAsk": 0.005,
    "priceBid": 0.004,
    "priceChange": -0.001,
    "priceChangePercent": -20,
    "priceLast": 0.004,
    "sector": "Energy",
    "industryGroup": "Energy",
    "securityType": 1,
    "volume": 232777,
    "statusCode": "XE",
    "isin": "AU000000EDE1",
    "priceClose": 0.005,
    "priceDayHigh": 0.005,
    "priceDayLow": 0.004,
    "priceFiftyTwoWeekHigh": 0.024,
    "priceFiftyTwoWeekLow": 0.004,
    "volumeAverage": 2355258.193182,
    "cashFlow": -7.51408,
    "earningsPerShare": -0.00293,
    "freeCashFlowYield": -0.0000100000010000001,
    "priceEarningsRatio": -99999.99,
    "priceToCash": -99999.99,
    "foreignExempt": false,
    "shareDescription": "Ordinary Fully Paid",
    "numOfShares": 2711230131,
    "yieldAnnual": 0,
    "incomeStatement": [
      {
        "revenue": 4149160,
        "netIncome": -6646580,
        "period": "2022A",
        "fPeriodEndDate": 44742,
        "curCode": "AUD"
      },
      {
        "revenue": 3282820,
        "netIncome": -5758760,
        "period": "2021A",
        "fPeriodEndDate": 44377,
        "curCode": "AUD"
      },
      {
        "revenue": 2427110,
        "netIncome": -9105990,
        "period": "2020A",
        "fPeriodEndDate": 44012,
        "curCode": "AUD"
      },
      {
        "revenue": 2334900,
        "netIncome": -9216320,
        "period": "2019A",
        "fPeriodEndDate": 43646,
        "curCode": "AUD"
      }
    ]
  },
  {
    "symbol": "EL8",
    "displayName": "ELEVATE URANIUM LTD",
    "industry": "Energy",
    "dateListed": "1985-10-23",
    "marketCap": 100555937,
    "xid": "286441",
    "priceChangeFiveDayPercent": -5.333333333333338,
    "isRecentListing": false,
    "priceAsk": 0.36,
    "priceBid": 0.355,
    "priceChange": -0.010000000000000009,
    "priceChangePercent": -2.739726027397263,
    "priceLast": 0.355,
    "sector": "Energy",
    "industryGroup": "Energy",
    "securityType": 1,
    "volume": 225745,
    "statusCode": "",
    "isin": "AU0000156416",
    "priceClose": 0.365,
    "priceDayHigh": 0.365,
    "priceDayLow": 0.35000000000000003,
    "priceFiftyTwoWeekHigh": 0.825,
    "priceFiftyTwoWeekLow": 0.345,
    "volumeAverage": 573057.208791,
    "cashFlow": -4.49053,
    "earningsPerShare": -0.02289,
    "freeCashFlowYield": -0.0000100000010000001,
    "priceEarningsRatio": -99999.99,
    "priceToCash": -99999.99,
    "foreignExempt": false,
    "shareDescription": "Ordinary Fully Paid",
    "numOfShares": 275495717,
    "yieldAnnual": 0,
    "incomeStatement": [
      {
        "revenue": 119670,
        "netIncome": -5729840,
        "period": "2022A",
        "fPeriodEndDate": 44742,
        "curCode": "AUD"
      },
      {
        "revenue": 116860,
        "netIncome": -2603760,
        "period": "2021A",
        "fPeriodEndDate": 44377,
        "curCode": "AUD"
      },
      {
        "revenue": 134310,
        "netIncome": -1658610,
        "period": "2020A",
        "fPeriodEndDate": 44012,
        "curCode": "AUD"
      },
      {
        "revenue": 134690,
        "netIncome": -1296860,
        "period": "2019A",
        "fPeriodEndDate": 43646,
        "curCode": "AUD"
      }
    ]
  },
  {
    "symbol": "EXR",
    "displayName": "ELIXIR ENERGY LIMITED",
    "industry": "Energy",
    "dateListed": "2004-07-19",
    "marketCap": 143708876,
    "xid": "103843",
    "priceChangeFiveDayPercent": -6.250000000000005,
    "isRecentListing": false,
    "priceAsk": 0.16,
    "priceBid": 0.15,
    "priceChange": -0.007500000000000007,
    "priceChangePercent": -4.761904761904766,
    "priceLast": 0.15,
    "sector": "Energy",
    "industryGroup": "Energy",
    "securityType": 1,
    "volume": 161436,
    "statusCode": "",
    "isin": "AU000000EXR1",
    "priceClose": 0.1575,
    "priceDayHigh": 0.1575,
    "priceDayLow": 0.15,
    "priceFiftyTwoWeekHigh": 0.23,
    "priceFiftyTwoWeekLow": 0.11,
    "volumeAverage": 968523.579545,
    "cashFlow": -9.76549,
    "earningsPerShare": -0.00224,
    "freeCashFlowYield": -0.0000100000010000001,
    "priceEarningsRatio": -99999.99,
    "priceToCash": -99999.99,
    "foreignExempt": false,
    "shareDescription": "Ordinary Fully Paid",
    "numOfShares": 912437310,
    "yieldAnnual": 0,
    "incomeStatement": [
      {
        "revenue": 38930,
        "netIncome": -1981680,
        "period": "2022A",
        "fPeriodEndDate": 44742,
        "curCode": "AUD"
      },
      {
        "revenue": 5800,
        "netIncome": -1507040,
        "period": "2021A",
        "fPeriodEndDate": 44377,
        "curCode": "AUD"
      },
      {
        "revenue": 11700,
        "netIncome": -1532340,
        "period": "2020A",
        "fPeriodEndDate": 44012,
        "curCode": "AUD"
      },
      {
        "revenue": 28240,
        "netIncome": -2454260,
        "period": "2019A",
        "fPeriodEndDate": 43646,
        "curCode": "AUD"
      }
    ]
  },
  {
    "symbol": "EMP",
    "displayName": "EMPEROR ENERGY LIMITED",
    "industry": "Energy",
    "dateListed": "1987-06-05",
    "marketCap": 5377250,
    "xid": "263825",
    "priceChangeFiveDayPercent": -5.000000000000004,
    "isRecentListing": false,
    "priceAsk": 0.021,
    "priceBid": 0.019,
    "priceChange": -0.0010000000000000009,
    "priceChangePercent": -5.000000000000004,
    "priceLast": 0.019,
    "sector": "Energy",
    "industryGroup": "Energy",
    "securityType": 1,
    "volume": 533810,
    "statusCode": "",
    "isin": "AU000000EMP8",
    "priceClose": 0.02,
    "priceDayHigh": 0.021,
    "priceDayLow": 0.019,
    "priceFiftyTwoWeekHigh": 0.086,
    "priceFiftyTwoWeekLow": 0.017,
    "volumeAverage": 835048.142857,
    "cashFlow": -2.07539,
    "earningsPerShare": -0.00442,
    "freeCashFlowYield": -0.0000100000010000001,
    "priceEarningsRatio": -99999.99,
    "priceToCash": -99999.99,
    "foreignExempt": false,
    "shareDescription": "Ordinary Fully Paid",
    "numOfShares": 268862479,
    "yieldAnnual": 0,
    "incomeStatement": [
      {
        "revenue": 60,
        "netIncome": -892510,
        "period": "2022A",
        "fPeriodEndDate": 44742,
        "curCode": "AUD"
      },
      {
        "revenue": 13320,
        "netIncome": -665800,
        "period": "2021A",
        "fPeriodEndDate": 44377,
        "curCode": "AUD"
      },
      {
        "revenue": 760,
        "netIncome": -1746860,
        "period": "2020A",
        "fPeriodEndDate": 44012,
        "curCode": "AUD"
      },
      {
        "revenue": 1850,
        "netIncome": -768320,
        "period": "2019A",
        "fPeriodEndDate": 43646,
        "curCode": "AUD"
      }
    ]
  },
  {
    "symbol": "EEG",
    "displayName": "EMPIRE ENERGY GROUP LIMITED",
    "industry": "Energy",
    "dateListed": "1984-08-30",
    "marketCap": 146893018,
    "xid": "166116",
    "priceChangeFiveDayPercent": 0,
    "isRecentListing": false,
    "priceAsk": 0.195,
    "priceBid": 0.19,
    "priceChange": 0,
    "priceChangePercent": 0,
    "priceLast": 0.19,
    "sector": "Energy",
    "industryGroup": "Energy",
    "securityType": 1,
    "volume": 53107,
    "statusCode": "",
    "isin": "AU000000EEG4",
    "priceClose": 0.19,
    "priceDayHigh": 0.19,
    "priceDayLow": 0.19,
    "priceFiftyTwoWeekHigh": 0.39,
    "priceFiftyTwoWeekLow": 0.16,
    "volumeAverage": 306320.134831,
    "cashFlow": -24.87824,
    "earningsPerShare": -0.01417,
    "freeCashFlowYield": -0.0000100000010000001,
    "priceEarningsRatio": -99999.99,
    "priceToCash": -99999.99,
    "foreignExempt": false,
    "shareDescription": "Ordinary Fully Paid",
    "numOfShares": 773121148,
    "yieldAnnual": 0,
    "incomeStatement": [
      {
        "revenue": 8502390,
        "netIncome": -11047610,
        "period": "2021A",
        "fPeriodEndDate": 44561,
        "curCode": "AUD"
      },
      {
        "revenue": 6464200,
        "netIncome": -7684460,
        "period": "2020A",
        "fPeriodEndDate": 44196,
        "curCode": "AUD"
      },
      {
        "revenue": 7763090,
        "netIncome": -23233900,
        "period": "2019A",
        "fPeriodEndDate": 43830,
        "curCode": "AUD"
      },
      {
        "revenue": 10283150,
        "netIncome": -24749740,
        "period": "2018A",
        "fPeriodEndDate": 43465,
        "curCode": "AUD"
      }
    ]
  },
  {
    "symbol": "EME",
    "displayName": "ENERGY METALS LTD",
    "industry": "Energy",
    "dateListed": "2005-09-09",
    "marketCap": 29355664,
    "xid": "2754746",
    "priceChangeFiveDayPercent": -10.714285714285722,
    "isRecentListing": false,
    "priceAsk": 0.14,
    "priceBid": 0.125,
    "priceChange": -0.015000000000000013,
    "priceChangePercent": -10.714285714285722,
    "priceLast": 0.125,
    "sector": "Energy",
    "industryGroup": "Energy",
    "securityType": 1,
    "volume": 35242,
    "statusCode": "",
    "isin": "AU000000EME2",
    "priceClose": 0.14,
    "priceDayHigh": 0.14,
    "priceDayLow": 0.12,
    "priceFiftyTwoWeekHigh": 0.32,
    "priceFiftyTwoWeekLow": 0.11,
    "volumeAverage": 36825.264151,
    "cashFlow": -1.04011,
    "earningsPerShare": -0.00382,
    "freeCashFlowYield": -0.0000100000010000001,
    "priceEarningsRatio": -99999.99,
    "priceToCash": -99999.99,
    "foreignExempt": false,
    "shareDescription": "Ordinary Fully Paid",
    "numOfShares": 209683312,
    "yieldAnnual": 0,
    "incomeStatement": [
      {
        "revenue": 72830,
        "netIncome": -820590,
        "period": "2021A",
        "fPeriodEndDate": 44561,
        "curCode": "AUD"
      },
      {
        "revenue": 243500,
        "netIncome": -826960,
        "period": "2020A",
        "fPeriodEndDate": 44196,
        "curCode": "AUD"
      },
      {
        "revenue": 460120,
        "netIncome": -440390,
        "period": "2019A",
        "fPeriodEndDate": 43830,
        "curCode": "AUD"
      },
      {
        "revenue": 483570,
        "netIncome": -552800,
        "period": "2018A",
        "fPeriodEndDate": 43465,
        "curCode": "AUD"
      }
    ]
  },
  {
    "symbol": "ERA",
    "displayName": "ENERGY RESOURCES OF AUSTRALIA LIMITED",
    "industry": "Energy",
    "dateListed": "1980-11-19",
    "marketCap": 830561220,
    "xid": "99947",
    "priceChangeFiveDayPercent": 0,
    "isRecentListing": false,
    "priceAsk": 0.22,
    "priceBid": 0.21,
    "priceChange": -0.010000000000000009,
    "priceChangePercent": -4.444444444444448,
    "priceLast": 0.215,
    "sector": "Energy",
    "industryGroup": "Energy",
    "securityType": 1,
    "volume": 37616,
    "statusCode": "",
    "isin": "AU000000ERA9",
    "priceClose": 0.225,
    "priceDayHigh": 0.22,
    "priceDayLow": 0.215,
    "priceFiftyTwoWeekHigh": 0.415,
    "priceFiftyTwoWeekLow": 0.16,
    "volumeAverage": 113280.577778,
    "dateExDate": "2010-08-09",
    "datePayDate": "2010-08-27",
    "dateRecordDate": "2010-08-13",
    "dividend": 0.08,
    "dividendType": "I",
    "frankingPercent": 100,
    "cashFlow": -59.253,
    "earningsPerShare": -0.18382,
    "freeCashFlowYield": -0.0000100000010000001,
    "priceEarningsRatio": -99999.99,
    "priceToCash": -99999.99,
    "foreignExempt": false,
    "shareDescription": "Ordinary Fully Paid 'a'",
    "numOfShares": 3691383198,
    "yieldAnnual": 0,
    "incomeStatement": [
      {
        "revenue": 193558000,
        "netIncome": -650212000,
        "period": "2021A",
        "fPeriodEndDate": 44561,
        "curCode": "AUD"
      },
      {
        "revenue": 250929000,
        "netIncome": 11460000,
        "period": "2020A",
        "fPeriodEndDate": 44196,
        "curCode": "AUD"
      },
      {
        "revenue": 221358000,
        "netIncome": 6252000,
        "period": "2019A",
        "fPeriodEndDate": 43830,
        "curCode": "AUD"
      },
      {
        "revenue": 215612000,
        "netIncome": -435274000,
        "period": "2018A",
        "fPeriodEndDate": 43465,
        "curCode": "AUD"
      }
    ]
  },
  {
    "symbol": "EMC",
    "displayName": "EVEREST METALS CORPORATION LTD",
    "industry": "Energy",
    "dateListed": "2006-10-18",
    "marketCap": 8727515,
    "xid": "5593093",
    "priceChangeFiveDayPercent": 0,
    "isRecentListing": false,
    "priceAsk": 0.08,
    "priceBid": 0.078,
    "priceChange": -0.0020000000000000018,
    "priceChangePercent": -2.4390243902439046,
    "priceLast": 0.08,
    "sector": "Energy",
    "industryGroup": "Energy",
    "securityType": 1,
    "volume": 102060,
    "statusCode": "RE",
    "isin": "AU0000258170",
    "priceClose": 0.082,
    "priceDayHigh": 0.084,
    "priceDayLow": 0.079,
    "priceFiftyTwoWeekHigh": 0.175,
    "priceFiftyTwoWeekLow": 0.05,
    "volumeAverage": 181446.383245,
    "cashFlow": -1.5433,
    "earningsPerShare": -0.10973,
    "freeCashFlowYield": -0.0000100000010000001,
    "priceEarningsRatio": -99999.99,
    "priceToCash": -99999.99,
    "foreignExempt": false,
    "shareDescription": "Ordinary Fully Paid",
    "numOfShares": 106433109,
    "yieldAnnual": 0,
    "incomeStatement": [
      {
        "revenue": 25440,
        "netIncome": -843500,
        "period": "2022A",
        "fPeriodEndDate": 44742,
        "curCode": "AUD"
      },
      {
        "revenue": 2920,
        "netIncome": -3387460,
        "period": "2021A",
        "fPeriodEndDate": 44377,
        "curCode": "AUD"
      },
      {
        "revenue": 88090,
        "netIncome": -1055180,
        "period": "2020A",
        "fPeriodEndDate": 44012,
        "curCode": "AUD"
      },
      {
        "revenue": 38940,
        "netIncome": -1132780,
        "period": "2019A",
        "fPeriodEndDate": 43646,
        "curCode": "AUD"
      }
    ]
  },
  {
    "symbol": "FAR",
    "displayName": "FAR LIMITED",
    "industry": "Energy",
    "dateListed": "1986-01-23",
    "marketCap": 70211816,
    "xid": "667365097",
    "priceChangeFiveDayPercent": 8.148148148148138,
    "isRecentListing": false,
    "priceAsk": 0.73,
    "priceBid": 0.685,
    "priceChange": 0.020000000000000018,
    "priceChangePercent": 2.8169014084507067,
    "priceLast": 0.73,
    "sector": "Energy",
    "industryGroup": "Energy",
    "securityType": 1,
    "volume": 451175,
    "statusCode": "",
    "isin": "AU000000FAR6",
    "priceClose": 0.71,
    "priceDayHigh": 0.74,
    "priceDayLow": 0.7000000000000001,
    "priceFiftyTwoWeekHigh": 0.85,
    "priceFiftyTwoWeekLow": 0.34,
    "volumeAverage": 184779.417582,
    "cashFlow": -47.01227,
    "earningsPerShare": -0.59897,
    "freeCashFlowYield": -0.0000100000010000001,
    "priceEarningsRatio": -99999.99,
    "priceToCash": -99999.99,
    "foreignExempt": false,
    "shareDescription": "Ordinary Fully Paid",
    "numOfShares": 98889881,
    "yieldAnnual": 0,
    "incomeStatement": [
      {
        "revenue": 41430,
        "netIncome": -44782400,
        "period": "2021A",
        "fPeriodEndDate": 44561,
        "curCode": "USD"
      },
      {
        "revenue": 216630,
        "netIncome": -91134000,
        "period": "2020A",
        "fPeriodEndDate": 44196,
        "curCode": "USD"
      },
      {
        "revenue": 355200,
        "netIncome": -21144090,
        "period": "2019A",
        "fPeriodEndDate": 43830,
        "curCode": "USD"
      },
      {
        "revenue": 216990,
        "netIncome": -7514750,
        "period": "2018A",
        "fPeriodEndDate": 43465,
        "curCode": "USD"
      }
    ]
  },
  {
    "symbol": "FDR",
    "displayName": "FINDER ENERGY HOLDINGS LIMITED",
    "industry": "Energy",
    "dateListed": "2022-04-08",
    "marketCap": 13230000,
    "xid": "711953404",
    "priceChangeFiveDayPercent": -5.617977528089877,
    "isRecentListing": false,
    "priceAsk": 0.085,
    "priceBid": 0.083,
    "priceChange": 0,
    "priceChangePercent": 0,
    "priceLast": 0.084,
    "sector": "Energy",
    "industryGroup": "Energy",
    "securityType": 1,
    "volume": 149696,
    "statusCode": "",
    "isin": "AU0000212078",
    "priceClose": 0.084,
    "priceDayHigh": 0.085,
    "priceDayLow": 0.084,
    "priceFiftyTwoWeekHigh": 0.275,
    "priceFiftyTwoWeekLow": 0.075,
    "volumeAverage": 374653.324675,
    "cashFlow": -2.31906,
    "earningsPerShare": -0.10371,
    "freeCashFlowYield": -0.0000100000010000001,
    "priceEarningsRatio": -99999.99,
    "priceToCash": -99999.99,
    "foreignExempt": false,
    "shareDescription": "Ordinary Fully Paid",
    "numOfShares": 157500000,
    "yieldAnnual": 0,
    "incomeStatement": [
      {
        "revenue": 0,
        "netIncome": -6264720,
        "period": "2022A",
        "fPeriodEndDate": 44742,
        "curCode": "AUD"
      },
      {
        "revenue": 0,
        "netIncome": -2007420,
        "period": "2021A",
        "fPeriodEndDate": 44377,
        "curCode": "AUD"
      },
      {
        "revenue": 0,
        "netIncome": -1335560,
        "period": "2020A",
        "fPeriodEndDate": 44012,
        "curCode": "AUD"
      },
      {
        "revenue": 0,
        "netIncome": -190650,
        "period": "2019A",
        "fPeriodEndDate": 43646,
        "curCode": "AUD"
      }
    ]
  },
  {
    "symbol": "FZR",
    "displayName": "FITZROY RIVER CORPORATION LTD",
    "industry": "Energy",
    "dateListed": "1998-03-04",
    "marketCap": 18352223,
    "xid": "176113",
    "priceChangeFiveDayPercent": 0,
    "isRecentListing": false,
    "priceAsk": 0.17,
    "priceBid": 0.13,
    "priceChange": 0,
    "priceChangePercent": 0,
    "priceLast": 0.17,
    "sector": "Energy",
    "industryGroup": "Energy",
    "securityType": 1,
    "volume": 820,
    "statusCode": "",
    "isin": "AU000000FZR3",
    "priceClose": 0.17,
    "priceDayHigh": 0.17,
    "priceDayLow": 0.17,
    "priceFiftyTwoWeekHigh": 0.18,
    "priceFiftyTwoWeekLow": 0.11,
    "volumeAverage": 28161.391304,
    "dateExDate": "2022-12-14",
    "datePayDate": "2022-12-23",
    "dateRecordDate": "2022-12-15",
    "dividend": 0.005,
    "dividendType": "I",
    "frankingPercent": 100,
    "cashFlow": 0.70955,
    "earningsPerShare": 0.00787,
    "freeCashFlowYield": 0.06246490253288934,
    "priceEarningsRatio": 21.60102,
    "priceToCash": 16.00899,
    "foreignExempt": false,
    "shareDescription": "Ordinary Fully Paid",
    "numOfShares": 107954251,
    "yieldAnnual": 0,
    "incomeStatement": [
      {
        "revenue": 1292220,
        "netIncome": 851010,
        "period": "2022A",
        "fPeriodEndDate": 44742,
        "curCode": "AUD"
      },
      {
        "revenue": 1190260,
        "netIncome": 83580,
        "period": "2021A",
        "fPeriodEndDate": 44377,
        "curCode": "AUD"
      },
      {
        "revenue": 502000,
        "netIncome": -5830000,
        "period": "2020A",
        "fPeriodEndDate": 44012,
        "curCode": "AUD"
      },
      {
        "revenue": 390000,
        "netIncome": -432000,
        "period": "2019A",
        "fPeriodEndDate": 43646,
        "curCode": "AUD"
      }
    ]
  },
  {
    "symbol": "FME",
    "displayName": "FUTURE METALS NL",
    "industry": "Energy",
    "dateListed": "2007-08-16",
    "marketCap": 39741292,
    "xid": "8251895",
    "priceChangeFiveDayPercent": -1.020408163265307,
    "isRecentListing": false,
    "priceAsk": 0.1,
    "priceBid": 0.097,
    "priceChange": 0,
    "priceChangePercent": 0,
    "priceLast": 0.097,
    "sector": "Materials",
    "industryGroup": "Materials",
    "securityType": 1,
    "volume": 0,
    "statusCode": "",
    "isin": "AU0000157745",
    "priceClose": 0.097,
    "priceFiftyTwoWeekHigh": 0.28,
    "priceFiftyTwoWeekLow": 0.095,
    "volumeAverage": 517119.921348,
    "cashFlow": -5.7137,
    "earningsPerShare": -0.08793,
    "freeCashFlowYield": -0.0000100000010000001,
    "priceEarningsRatio": -99999.99,
    "priceToCash": -99999.99,
    "foreignExempt": false,
    "shareDescription": "Ordinary Fully Paid",
    "numOfShares": 409704037,
    "yieldAnnual": 0,
    "incomeStatement": [
      {
        "revenue": 6820,
        "netIncome": -4313300,
        "period": "2022A",
        "fPeriodEndDate": 44742,
        "curCode": "AUD"
      },
      {
        "revenue": 820,
        "netIncome": -6307460,
        "period": "2021A",
        "fPeriodEndDate": 44377,
        "curCode": "AUD"
      },
      {
        "revenue": 26770,
        "netIncome": -1037010,
        "period": "2020A",
        "fPeriodEndDate": 44012,
        "curCode": "AUD"
      },
      {
        "revenue": 73960,
        "netIncome": -10271310,
        "period": "2019A",
        "fPeriodEndDate": 43646,
        "curCode": "AUD"
      }
    ]
  },
  {
    "symbol": "GLL",
    "displayName": "GALILEE ENERGY LIMITED",
    "industry": "Energy",
    "dateListed": "1996-02-15",
    "marketCap": 84634375,
    "xid": "95578",
    "priceChangeFiveDayPercent": -1.8867924528301903,
    "isRecentListing": false,
    "priceAsk": 0.26,
    "priceBid": 0.25,
    "priceChange": 0.010000000000000009,
    "priceChangePercent": 4.0000000000000036,
    "priceLast": 0.26,
    "sector": "Energy",
    "industryGroup": "Energy",
    "securityType": 1,
    "volume": 13000,
    "statusCode": "",
    "isin": "AU000000GLL4",
    "priceClose": 0.25,
    "priceDayHigh": 0.26,
    "priceDayLow": 0.255,
    "priceFiftyTwoWeekHigh": 0.45,
    "priceFiftyTwoWeekLow": 0.23,
    "volumeAverage": 176897.818182,
    "cashFlow": -14.57433,
    "earningsPerShare": -0.0628,
    "freeCashFlowYield": -0.0000100000010000001,
    "priceEarningsRatio": -99999.99,
    "priceToCash": -99999.99,
    "foreignExempt": false,
    "shareDescription": "Ordinary Fully Paid",
    "numOfShares": 338537499,
    "yieldAnnual": 0,
    "incomeStatement": [
      {
        "revenue": 6181510,
        "netIncome": -19759480,
        "period": "2022A",
        "fPeriodEndDate": 44742,
        "curCode": "AUD"
      },
      {
        "revenue": 6899880,
        "netIncome": -18500460,
        "period": "2021A",
        "fPeriodEndDate": 44377,
        "curCode": "AUD"
      },
      {
        "revenue": 374270,
        "netIncome": -16889560,
        "period": "2020A",
        "fPeriodEndDate": 44012,
        "curCode": "AUD"
      },
      {
        "revenue": 313590,
        "netIncome": -11450200,
        "period": "2019A",
        "fPeriodEndDate": 43646,
        "curCode": "AUD"
      }
    ]
  },
  {
    "symbol": "GGX",
    "displayName": "GAS2GRID LIMITED",
    "industry": "Energy",
    "dateListed": "2005-05-13",
    "marketCap": 8178204,
    "xid": "1740883",
    "priceChangeFiveDayPercent": 0,
    "isRecentListing": false,
    "priceAsk": 0.002,
    "priceBid": 0.001,
    "priceChange": 0,
    "priceChangePercent": 0,
    "priceLast": 0.002,
    "sector": "Energy",
    "industryGroup": "Energy",
    "securityType": 1,
    "volume": 0,
    "statusCode": "",
    "isin": "AU000000GGX9",
    "priceClose": 0.002,
    "priceFiftyTwoWeekHigh": 0.004,
    "priceFiftyTwoWeekLow": 0.001,
    "volumeAverage": 1744574.133333,
    "cashFlow": -0.76825,
    "earningsPerShare": 0.00041,
    "freeCashFlowYield": -0.0000100000010000001,
    "priceEarningsRatio": 4.87805,
    "priceToCash": -99999.99,
    "foreignExempt": false,
    "shareDescription": "Ordinary Fully Paid",
    "numOfShares": 4089102078,
    "yieldAnnual": 0,
    "incomeStatement": [
      {
        "revenue": 200,
        "netIncome": 1925140,
        "period": "2022A",
        "fPeriodEndDate": 44742,
        "curCode": "AUD"
      },
      {
        "revenue": 120,
        "netIncome": -1934670,
        "period": "2021A",
        "fPeriodEndDate": 44377,
        "curCode": "AUD"
      },
      {
        "revenue": 180,
        "netIncome": -1909330,
        "period": "2020A",
        "fPeriodEndDate": 44012,
        "curCode": "AUD"
      },
      {
        "revenue": 1780,
        "netIncome": -932580,
        "period": "2019A",
        "fPeriodEndDate": 43646,
        "curCode": "AUD"
      }
    ]
  },
  {
    "symbol": "GCX",
    "displayName": "GCX METALS LIMITED",
    "industry": "Energy",
    "dateListed": "2012-12-20",
    "marketCap": 7431148,
    "xid": "53618803",
    "priceChangeFiveDayPercent": 2.5641025641025665,
    "isRecentListing": false,
    "priceAsk": 0.045,
    "priceBid": 0.04,
    "priceChange": 0,
    "priceChangePercent": 0,
    "priceLast": 0.04,
    "sector": "Materials",
    "industryGroup": "Materials",
    "securityType": 1,
    "volume": 250000,
    "statusCode": "RE",
    "isin": "AU0000220865",
    "priceClose": 0.04,
    "priceDayHigh": 0.04,
    "priceDayLow": 0.04,
    "priceFiftyTwoWeekHigh": 0.065,
    "priceFiftyTwoWeekLow": 0.03,
    "volumeAverage": 170716.204082,
    "cashFlow": -0.64256,
    "earningsPerShare": 1.47372,
    "freeCashFlowYield": 10.821339681852614,
    "priceEarningsRatio": 0.02714,
    "priceToCash": 0.09241,
    "foreignExempt": false,
    "shareDescription": "Ordinary Fully Paid",
    "numOfShares": 185778694,
    "yieldAnnual": 0,
    "incomeStatement": [
      {
        "revenue": 0,
        "netIncome": 80415990,
        "period": "2022A",
        "fPeriodEndDate": 44742,
        "curCode": "AUD"
      },
      {
        "revenue": 0,
        "netIncome": 16844550,
        "period": "2021A",
        "fPeriodEndDate": 44377,
        "curCode": "AUD"
      },
      {
        "revenue": 0,
        "netIncome": -189272910,
        "period": "2020A",
        "fPeriodEndDate": 44012,
        "curCode": "AUD"
      },
      {
        "revenue": 0,
        "netIncome": -19469350,
        "period": "2019A",
        "fPeriodEndDate": 43646,
        "curCode": "AUD"
      }
    ]
  },
  {
    "symbol": "GLV",
    "displayName": "GLOBAL OIL & GAS LIMITED",
    "industry": "Energy",
    "dateListed": "2005-05-25",
    "marketCap": 4017407,
    "xid": "599743186",
    "priceChangeFiveDayPercent": 0,
    "isRecentListing": false,
    "priceAsk": 0.002,
    "priceBid": 0.001,
    "priceChange": 0,
    "priceChangePercent": 0,
    "priceLast": 0.0015,
    "sector": "Energy",
    "industryGroup": "Energy",
    "securityType": 1,
    "volume": 0,
    "statusCode": "",
    "isin": "AU0000034860",
    "priceClose": 0.0015,
    "priceFiftyTwoWeekHigh": 0.038,
    "priceFiftyTwoWeekLow": 0.001,
    "volumeAverage": 4049034.341463,
    "cashFlow": -1.30483,
    "earningsPerShare": -0.01088,
    "freeCashFlowYield": -0.0000100000010000001,
    "priceEarningsRatio": -99999.99,
    "priceToCash": -99999.99,
    "foreignExempt": false,
    "shareDescription": "Ordinary Fully Paid",
    "numOfShares": 2678271176,
    "yieldAnnual": 0,
    "incomeStatement": [
      {
        "revenue": 38890,
        "netIncome": -19797330,
        "period": "2022A",
        "fPeriodEndDate": 44742,
        "curCode": "AUD"
      },
      {
        "revenue": 5800,
        "netIncome": -1892290,
        "period": "2021A",
        "fPeriodEndDate": 44377,
        "curCode": "AUD"
      },
      {
        "revenue": 54800,
        "netIncome": -470300,
        "period": "2020A",
        "fPeriodEndDate": 44012,
        "curCode": "AUD"
      },
      {
        "revenue": 439070,
        "netIncome": -4016880,
        "period": "2019A",
        "fPeriodEndDate": 43646,
        "curCode": "AUD"
      }
    ]
  },
  {
    "symbol": "GHY",
    "displayName": "GOLD HYDROGEN LIMITED",
    "industry": "Energy",
    "marketCap": 0,
    "xid": "772074219",
    "isRecentListing": false,
    "dateListed": -32768,
    "priceChangePercent": 0,
    "securityType": 1,
    "statusCode": "",
    "isin": "AU0000253171",
    "foreignExempt": false,
    "shareDescription": "Ordinary Fully Paid",
    "numOfShares": 0,
    "incomeStatement": []
  },
  {
    "symbol": "GGE",
    "displayName": "GRAND GULF ENERGY LIMITED",
    "industry": "Energy",
    "dateListed": "1998-03-20",
    "marketCap": 27838992,
    "xid": "1751230",
    "priceChangeFiveDayPercent": 5.8823529411764754,
    "isRecentListing": false,
    "priceAsk": 0.019,
    "priceBid": 0.017,
    "priceChange": 0,
    "priceChangePercent": 0,
    "priceLast": 0.018000000000000002,
    "sector": "Energy",
    "industryGroup": "Energy",
    "securityType": 1,
    "volume": 600500,
    "statusCode": "",
    "isin": "AU000000GGE9",
    "priceClose": 0.018000000000000002,
    "priceDayHigh": 0.019,
    "priceDayLow": 0.018000000000000002,
    "priceFiftyTwoWeekHigh": 0.063,
    "priceFiftyTwoWeekLow": 0.014,
    "volumeAverage": 4433715.539326,
    "cashFlow": -0.6441,
    "earningsPerShare": -0.03063,
    "freeCashFlowYield": -0.0000100000010000001,
    "priceEarningsRatio": -99999.99,
    "priceToCash": -99999.99,
    "foreignExempt": false,
    "shareDescription": "Ordinary Fully Paid",
    "numOfShares": 1546610665,
    "yieldAnnual": 0,
    "incomeStatement": [
      {
        "revenue": 1372270,
        "netIncome": -18703760,
        "period": "2022A",
        "fPeriodEndDate": 44742,
        "curCode": "AUD"
      },
      {
        "revenue": 1140900,
        "netIncome": 115220,
        "period": "2021A",
        "fPeriodEndDate": 44377,
        "curCode": "AUD"
      },
      {
        "revenue": 1604780,
        "netIncome": 324510,
        "period": "2020A",
        "fPeriodEndDate": 44012,
        "curCode": "AUD"
      },
      {
        "revenue": 2403600,
        "netIncome": -188500,
        "period": "2019A",
        "fPeriodEndDate": 43646,
        "curCode": "AUD"
      }
    ]
  },
  {
    "symbol": "GRV",
    "displayName": "GREENVALE ENERGY LTD",
    "industry": "Energy",
    "dateListed": "1971-07-28",
    "marketCap": 52715276,
    "xid": "142048",
    "priceChangeFiveDayPercent": -14.285714285714297,
    "isRecentListing": false,
    "priceAsk": 0.12,
    "priceBid": 0.115,
    "priceChange": -0.0050000000000000044,
    "priceChangePercent": -4.0000000000000036,
    "priceLast": 0.12,
    "sector": "Energy",
    "industryGroup": "Energy",
    "securityType": 1,
    "volume": 213533,
    "statusCode": "",
    "isin": "AU000000GRV0",
    "priceClose": 0.125,
    "priceDayHigh": 0.125,
    "priceDayLow": 0.12,
    "priceFiftyTwoWeekHigh": 0.39,
    "priceFiftyTwoWeekLow": 0.055,
    "volumeAverage": 492695.692308,
    "cashFlow": -6.39998,
    "earningsPerShare": -0.01841,
    "freeCashFlowYield": -0.0000100000010000001,
    "priceEarningsRatio": -99999.99,
    "priceToCash": -99999.99,
    "foreignExempt": false,
    "shareDescription": "Ordinary Fully Paid",
    "numOfShares": 421722209,
    "yieldAnnual": 0,
    "incomeStatement": [
      {
        "revenue": 56840,
        "netIncome": -7253060,
        "period": "2022A",
        "fPeriodEndDate": 44742,
        "curCode": "AUD"
      },
      {
        "revenue": 103610,
        "netIncome": -1059870,
        "period": "2021A",
        "fPeriodEndDate": 44377,
        "curCode": "AUD"
      },
      {
        "revenue": 40,
        "netIncome": -494630,
        "period": "2020A",
        "fPeriodEndDate": 44012,
        "curCode": "AUD"
      },
      {
        "revenue": 11410,
        "netIncome": -423930,
        "period": "2019A",
        "fPeriodEndDate": 43646,
        "curCode": "AUD"
      }
    ]
  },
  {
    "symbol": "HHR",
    "displayName": "HARTSHEAD RESOURCES NL",
    "industry": "Energy",
    "dateListed": "2012-02-14",
    "marketCap": 89414603,
    "xid": "40214312",
    "priceChangeFiveDayPercent": 0,
    "isRecentListing": false,
    "priceAsk": 0.039,
    "priceBid": 0.038,
    "priceChange": 0,
    "priceChangePercent": 0,
    "priceLast": 0.039,
    "sector": "Energy",
    "industryGroup": "Energy",
    "securityType": 1,
    "volume": 520000,
    "statusCode": "",
    "isin": "AU0000154148",
    "priceClose": 0.039,
    "priceDayHigh": 0.039,
    "priceDayLow": 0.039,
    "priceFiftyTwoWeekHigh": 0.054,
    "priceFiftyTwoWeekLow": 0.018,
    "volumeAverage": 7794733.261364,
    "cashFlow": -4.37818,
    "earningsPerShare": -0.00198,
    "freeCashFlowYield": -0.0000100000010000001,
    "priceEarningsRatio": -99999.99,
    "priceToCash": -99999.99,
    "foreignExempt": false,
    "shareDescription": "Ordinary Fully Paid",
    "numOfShares": 2292682127,
    "yieldAnnual": 0,
    "incomeStatement": [
      {
        "revenue": 3160,
        "netIncome": -3670240,
        "period": "2022A",
        "fPeriodEndDate": 44742,
        "curCode": "AUD"
      },
      {
        "revenue": 6040,
        "netIncome": -6013140,
        "period": "2021A",
        "fPeriodEndDate": 44377,
        "curCode": "AUD"
      },
      {
        "revenue": 0,
        "netIncome": -467430,
        "period": "2020A",
        "fPeriodEndDate": 44012,
        "curCode": "AUD"
      },
      {
        "revenue": 118960,
        "netIncome": 1785250,
        "period": "2019A",
        "fPeriodEndDate": 43646,
        "curCode": "AUD"
      }
    ]
  },
  {
    "symbol": "HE8",
    "displayName": "HELIOS ENERGY LTD",
    "industry": "Energy",
    "dateListed": "2010-10-20",
    "marketCap": 203115857,
    "xid": "26083820",
    "priceChangeFiveDayPercent": -1.3157894736842117,
    "isRecentListing": false,
    "priceAsk": 0.077,
    "priceBid": 0.076,
    "priceChange": -0.0030000000000000027,
    "priceChangePercent": -3.8461538461538494,
    "priceLast": 0.075,
    "sector": "Energy",
    "industryGroup": "Energy",
    "securityType": 1,
    "volume": 242925,
    "statusCode": "",
    "isin": "AU000000HE80",
    "priceClose": 0.078,
    "priceDayHigh": 0.078,
    "priceDayLow": 0.074,
    "priceFiftyTwoWeekHigh": 0.13,
    "priceFiftyTwoWeekLow": 0.065,
    "volumeAverage": 1981460.858824,
    "cashFlow": -10.24399,
    "earningsPerShare": -0.0022,
    "freeCashFlowYield": -0.0000100000010000001,
    "priceEarningsRatio": -99999.99,
    "priceToCash": -99999.99,
    "foreignExempt": false,
    "shareDescription": "Ordinary Fully Paid",
    "numOfShares": 2604049443,
    "yieldAnnual": 0,
    "incomeStatement": [
      {
        "revenue": 27470,
        "netIncome": -4552070,
        "period": "2022A",
        "fPeriodEndDate": 44742,
        "curCode": "AUD"
      },
      {
        "revenue": 20150,
        "netIncome": -3743160,
        "period": "2021A",
        "fPeriodEndDate": 44377,
        "curCode": "AUD"
      },
      {
        "revenue": 123710,
        "netIncome": -8817520,
        "period": "2020A",
        "fPeriodEndDate": 44012,
        "curCode": "AUD"
      },
      {
        "revenue": 0,
        "netIncome": -2830970,
        "period": "2019A",
        "fPeriodEndDate": 43646,
        "curCode": "AUD"
      }
    ]
  },
  {
    "symbol": "HPR",
    "displayName": "HIGH PEAK ROYALTIES LIMITED",
    "industry": "Energy",
    "dateListed": "2007-03-30",
    "marketCap": 12537384,
    "xid": "6903499",
    "priceChangeFiveDayPercent": 0,
    "isRecentListing": false,
    "priceAsk": 0.065,
    "priceBid": 0.06,
    "priceChange": 0,
    "priceChangePercent": 0,
    "priceLast": 0.06,
    "sector": "Energy",
    "industryGroup": "Energy",
    "securityType": 1,
    "volume": 0,
    "statusCode": "",
    "isin": "AU000000HPR0",
    "priceClose": 0.06,
    "priceFiftyTwoWeekHigh": 0.079,
    "priceFiftyTwoWeekLow": 0.037,
    "volumeAverage": 110942,
    "cashFlow": -0.09531,
    "earningsPerShare": -0.00353,
    "freeCashFlowYield": -0.0000100000010000001,
    "priceEarningsRatio": -99999.99,
    "priceToCash": -99999.99,
    "foreignExempt": false,
    "shareDescription": "Ordinary Fully Paid",
    "numOfShares": 208956399,
    "yieldAnnual": 0,
    "incomeStatement": [
      {
        "revenue": 1046760,
        "netIncome": -758970,
        "period": "2022A",
        "fPeriodEndDate": 44742,
        "curCode": "AUD"
      },
      {
        "revenue": 442460,
        "netIncome": -1296840,
        "period": "2021A",
        "fPeriodEndDate": 44377,
        "curCode": "AUD"
      },
      {
        "revenue": 603700,
        "netIncome": -1133400,
        "period": "2020A",
        "fPeriodEndDate": 44012,
        "curCode": "AUD"
      },
      {
        "revenue": 647430,
        "netIncome": -723970,
        "period": "2019A",
        "fPeriodEndDate": 43646,
        "curCode": "AUD"
      }
    ]
  },
  {
    "symbol": "HZN",
    "displayName": "HORIZON OIL LIMITED",
    "industry": "Energy",
    "dateListed": "1981-06-30",
    "marketCap": 204183978,
    "xid": "151244",
    "priceChangeFiveDayPercent": 1.960784313725492,
    "isRecentListing": false,
    "priceAsk": 0.13,
    "priceBid": 0.125,
    "priceChange": 0.0025000000000000022,
    "priceChangePercent": 1.960784313725492,
    "priceLast": 0.13,
    "sector": "Energy",
    "industryGroup": "Energy",
    "securityType": 1,
    "volume": 550161,
    "statusCode": "",
    "isin": "AU000000HZN8",
    "priceClose": 0.1275,
    "priceDayHigh": 0.13,
    "priceDayLow": 0.125,
    "priceFiftyTwoWeekHigh": 0.165,
    "priceFiftyTwoWeekLow": 0.09,
    "volumeAverage": 1368857.164835,
    "dateExDate": "2022-10-12",
    "datePayDate": "2022-10-20",
    "dateRecordDate": "2022-10-13",
    "dividend": 0.0165,
    "dividendType": "F",
    "frankingPercent": 0,
    "cashFlow": 69.08136,
    "earningsPerShare": 0.02205,
    "freeCashFlowYield": 0.3769104649190585,
    "priceEarningsRatio": 5.78134,
    "priceToCash": 2.65315,
    "foreignExempt": false,
    "shareDescription": "Ordinary Fully Paid",
    "numOfShares": 1601442962,
    "yieldAnnual": 12.692307692307693,
    "incomeStatement": [
      {
        "revenue": 108133000,
        "netIncome": 24326000,
        "period": "2022A",
        "fPeriodEndDate": 44742,
        "curCode": "USD"
      },
      {
        "revenue": 63571000,
        "netIncome": 8009000,
        "period": "2021A",
        "fPeriodEndDate": 44377,
        "curCode": "USD"
      },
      {
        "revenue": 84025000,
        "netIncome": -55139000,
        "period": "2020A",
        "fPeriodEndDate": 44012,
        "curCode": "USD"
      },
      {
        "revenue": 122401000,
        "netIncome": 35826000,
        "period": "2019A",
        "fPeriodEndDate": 43646,
        "curCode": "USD"
      }
    ]
  },
  {
    "symbol": "HCD",
    "displayName": "HYDROCARBON DYNAMICS LIMITED",
    "industry": "Energy",
    "dateListed": "2006-04-21",
    "marketCap": 7631787,
    "xid": "4559880",
    "priceChangeFiveDayPercent": -3.4482758620689684,
    "isRecentListing": false,
    "priceAsk": 0.016,
    "priceBid": 0.013000000000000001,
    "priceChange": 0.0009999999999999992,
    "priceChangePercent": 7.692307692307685,
    "priceLast": 0.014,
    "sector": "Energy",
    "industryGroup": "Energy",
    "securityType": 1,
    "volume": 71320,
    "statusCode": "",
    "isin": "AU0000074742",
    "priceClose": 0.013000000000000001,
    "priceDayHigh": 0.014,
    "priceDayLow": 0.014,
    "priceFiftyTwoWeekHigh": 0.038,
    "priceFiftyTwoWeekLow": 0.007,
    "volumeAverage": 477905.175676,
    "cashFlow": -1.54185,
    "earningsPerShare": -0.00271,
    "freeCashFlowYield": -0.0000100000010000001,
    "priceEarningsRatio": -99999.99,
    "priceToCash": -99999.99,
    "foreignExempt": false,
    "shareDescription": "Ordinary Fully Paid",
    "numOfShares": 587060500,
    "yieldAnnual": 0,
    "incomeStatement": [
      {
        "revenue": 214420,
        "netIncome": -3364440,
        "period": "2021A",
        "fPeriodEndDate": 44561,
        "curCode": "AUD"
      },
      {
        "revenue": 453490,
        "netIncome": -2052270,
        "period": "2020A",
        "fPeriodEndDate": 44196,
        "curCode": "AUD"
      },
      {
        "revenue": 202460,
        "netIncome": -3102840,
        "period": "2019A",
        "fPeriodEndDate": 43830,
        "curCode": "AUD"
      },
      {
        "revenue": 70310,
        "netIncome": -3927890,
        "period": "2018A",
        "fPeriodEndDate": 43465,
        "curCode": "AUD"
      }
    ]
  },
  {
    "symbol": "HYT",
    "displayName": "HYTERRA LTD",
    "industry": "Energy",
    "dateListed": "2005-12-14",
    "marketCap": 0,
    "xid": "3696335",
    "priceChangeFiveDayPercent": -10.526315789473676,
    "isRecentListing": false,
    "priceAsk": 0.019,
    "priceBid": 0.017,
    "priceChange": -0.0010000000000000009,
    "priceChangePercent": -5.55555555555556,
    "priceLast": 0.017,
    "sector": "Energy",
    "industryGroup": "Energy",
    "securityType": 1,
    "volume": 228856,
    "statusCode": "RE",
    "isin": "AU0000232415",
    "priceClose": 0.018000000000000002,
    "priceDayHigh": 0.017,
    "priceDayLow": 0.017,
    "priceFiftyTwoWeekHigh": 0.027,
    "priceFiftyTwoWeekLow": 0.017,
    "volumeAverage": 2377165.529412,
    "cashFlow": -0.7943,
    "earningsPerShare": -0.04281,
    "freeCashFlowYield": -0.0000100000010000001,
    "priceEarningsRatio": -99999.99,
    "priceToCash": -99999.99,
    "foreignExempt": false,
    "shareDescription": "Ordinary Fully Paid",
    "numOfShares": 0,
    "yieldAnnual": 0,
    "incomeStatement": [
      {
        "revenue": 0,
        "netIncome": -649010,
        "period": "2022A",
        "fPeriodEndDate": 44651,
        "curCode": "AUD"
      },
      {
        "revenue": 40,
        "netIncome": -421830,
        "period": "2020A",
        "fPeriodEndDate": 43921,
        "curCode": "AUD"
      },
      {
        "revenue": 260,
        "netIncome": -443980,
        "period": "2019A",
        "fPeriodEndDate": 43555,
        "curCode": "AUD"
      },
      {
        "revenue": 2170,
        "netIncome": -618770,
        "period": "2018A",
        "fPeriodEndDate": 43190,
        "curCode": "AUD"
      }
    ]
  },
  {
    "symbol": "ICN",
    "displayName": "ICON ENERGY LIMITED",
    "industry": "Energy",
    "dateListed": "1997-09-22",
    "marketCap": 4608082,
    "xid": "152427",
    "priceChangeFiveDayPercent": 20,
    "isRecentListing": false,
    "priceAsk": 0.007,
    "priceBid": 0.006,
    "priceChange": 0,
    "priceChangePercent": 0,
    "priceLast": 0.006,
    "sector": "Energy",
    "industryGroup": "Energy",
    "securityType": 1,
    "volume": 0,
    "statusCode": "",
    "isin": "AU000000ICN5",
    "priceClose": 0.006,
    "priceFiftyTwoWeekHigh": 0.028,
    "priceFiftyTwoWeekLow": 0.003,
    "volumeAverage": 1075258.347222,
    "cashFlow": -1.12693,
    "earningsPerShare": -0.00216,
    "freeCashFlowYield": -0.0000100000010000001,
    "priceEarningsRatio": -99999.99,
    "priceToCash": -99999.99,
    "foreignExempt": false,
    "shareDescription": "Ordinary Fully Paid",
    "numOfShares": 768013667,
    "yieldAnnual": 0,
    "incomeStatement": [
      {
        "revenue": 0,
        "netIncome": -1468080,
        "period": "2022A",
        "fPeriodEndDate": 44742,
        "curCode": "AUD"
      },
      {
        "revenue": 0,
        "netIncome": -6919300,
        "period": "2021A",
        "fPeriodEndDate": 44377,
        "curCode": "AUD"
      },
      {
        "revenue": 0,
        "netIncome": -2949540,
        "period": "2020A",
        "fPeriodEndDate": 44012,
        "curCode": "AUD"
      },
      {
        "revenue": 0,
        "netIncome": -31372500,
        "period": "2019A",
        "fPeriodEndDate": 43646,
        "curCode": "AUD"
      }
    ]
  },
  {
    "symbol": "IKW",
    "displayName": "IKWEZI MINING LIMITED",
    "industry": "Energy",
    "dateListed": "2011-07-19",
    "marketCap": -1,
    "xid": "639505359",
    "priceChangeFiveDayPercent": 0,
    "isRecentListing": false,
    "priceChange": 0,
    "priceChangePercent": 0,
    "priceLast": 0.46,
    "sector": "Energy",
    "industryGroup": "Energy",
    "securityType": 1,
    "volume": 0,
    "statusCode": "",
    "isin": "BMG471001054",
    "priceClose": 0.46,
    "priceFiftyTwoWeekHigh": 1.95,
    "priceFiftyTwoWeekLow": 0.42,
    "volumeAverage": 11819.369863,
    "cashFlow": 5.9089,
    "earningsPerShare": 0.27597,
    "freeCashFlowYield": 0.8542189875796561,
    "priceEarningsRatio": 1.66685,
    "priceToCash": 1.17066,
    "foreignExempt": false,
    "shareDescription": "Ordinary Fully Paid",
    "numOfShares": 40649974,
    "yieldAnnual": 0,
    "incomeStatement": [
      {
        "revenue": 75092050,
        "netIncome": 11218190,
        "period": "2022A",
        "fPeriodEndDate": 44742,
        "curCode": "AUD"
      },
      {
        "revenue": 18065640,
        "netIncome": -924700,
        "period": "2021A",
        "fPeriodEndDate": 44377,
        "curCode": "AUD"
      },
      {
        "revenue": 22999570,
        "netIncome": 1958790,
        "period": "2020A",
        "fPeriodEndDate": 44012,
        "curCode": "AUD"
      },
      {
        "revenue": 5041780,
        "netIncome": 793240,
        "period": "2019A",
        "fPeriodEndDate": 43646,
        "curCode": "AUD"
      }
    ]
  },
  {
    "symbol": "IEC",
    "displayName": "INTRA ENERGY CORPORATION LIMITED",
    "industry": "Energy",
    "dateListed": "2007-07-04",
    "marketCap": 5646253,
    "xid": "7666033",
    "priceChangeFiveDayPercent": 14.285714285714286,
    "isRecentListing": false,
    "priceAsk": 0.008,
    "priceBid": 0.006,
    "priceChange": 0,
    "priceChangePercent": 0,
    "priceLast": 0.008,
    "sector": "Energy",
    "industryGroup": "Energy",
    "securityType": 1,
    "volume": 0,
    "statusCode": "",
    "isin": "AU000000IEC4",
    "priceClose": 0.008,
    "priceFiftyTwoWeekHigh": 0.025,
    "priceFiftyTwoWeekLow": 0.004,
    "volumeAverage": 575171.142857,
    "cashFlow": -2.662,
    "earningsPerShare": 0.0037,
    "freeCashFlowYield": -0.0000100000010000001,
    "priceEarningsRatio": 2.16216,
    "priceToCash": -99999.99,
    "foreignExempt": false,
    "shareDescription": "Ordinary Fully Paid",
    "numOfShares": 705781585,
    "yieldAnnual": 0,
    "incomeStatement": [
      {
        "revenue": 0,
        "netIncome": -11863000,
        "period": "2022A",
        "fPeriodEndDate": 44742,
        "curCode": "AUD"
      },
      {
        "revenue": 13481000,
        "netIncome": -5536000,
        "period": "2021A",
        "fPeriodEndDate": 44377,
        "curCode": "AUD"
      },
      {
        "revenue": 37770000,
        "netIncome": -11769000,
        "period": "2020A",
        "fPeriodEndDate": 44012,
        "curCode": "AUD"
      },
      {
        "revenue": 52277000,
        "netIncome": 3280000,
        "period": "2019A",
        "fPeriodEndDate": 43646,
        "curCode": "AUD"
      }
    ]
  },
  {
    "symbol": "IVZ",
    "displayName": "INVICTUS ENERGY LTD",
    "industry": "Energy",
    "dateListed": "2012-01-19",
    "marketCap": 275286143,
    "xid": "40371687",
    "priceChangeFiveDayPercent": -14.516129032258059,
    "isRecentListing": false,
    "priceAsk": 0.275,
    "priceBid": 0.265,
    "priceChange": -0.044999999999999984,
    "priceChangePercent": -14.516129032258059,
    "priceLast": 0.265,
    "sector": "Energy",
    "industryGroup": "Energy",
    "securityType": 1,
    "volume": 12650147,
    "statusCode": "",
    "isin": "AU0000016560",
    "priceClose": 0.31,
    "priceDayHigh": 0.29,
    "priceDayLow": 0.26,
    "priceFiftyTwoWeekHigh": 0.405,
    "priceFiftyTwoWeekLow": 0.1,
    "volumeAverage": 10229112.647059,
    "cashFlow": -15.80322,
    "earningsPerShare": -0.00599,
    "freeCashFlowYield": -0.0000100000010000001,
    "priceEarningsRatio": -99999.99,
    "priceToCash": -99999.99,
    "foreignExempt": false,
    "shareDescription": "Ordinary Fully Paid",
    "numOfShares": 888019817,
    "yieldAnnual": 0,
    "incomeStatement": [
      {
        "revenue": 201350,
        "netIncome": -3643870,
        "period": "2022A",
        "fPeriodEndDate": 44742,
        "curCode": "AUD"
      },
      {
        "revenue": 425930,
        "netIncome": -1218650,
        "period": "2021A",
        "fPeriodEndDate": 44377,
        "curCode": "AUD"
      },
      {
        "revenue": 16040,
        "netIncome": -1729210,
        "period": "2020A",
        "fPeriodEndDate": 44012,
        "curCode": "AUD"
      },
      {
        "revenue": 43310,
        "netIncome": -1021920,
        "period": "2019A",
        "fPeriodEndDate": 43646,
        "curCode": "AUD"
      }
    ]
  },
  {
    "symbol": "IPB",
    "displayName": "IPB PETROLEUM LIMITED",
    "industry": "Energy",
    "dateListed": "2013-04-30",
    "marketCap": 3650959,
    "xid": "56127405",
    "priceChangeFiveDayPercent": 0,
    "isRecentListing": false,
    "priceAsk": 0.009000000000000001,
    "priceBid": 0.007,
    "priceChange": 0,
    "priceChangePercent": 0,
    "priceLast": 0.008,
    "sector": "Energy",
    "industryGroup": "Energy",
    "securityType": 1,
    "volume": 0,
    "statusCode": "",
    "isin": "AU000000IPB2",
    "priceClose": 0.008,
    "priceFiftyTwoWeekHigh": 0.026,
    "priceFiftyTwoWeekLow": 0.007,
    "volumeAverage": 1067317.12963,
    "cashFlow": -0.64977,
    "earningsPerShare": -0.00113,
    "freeCashFlowYield": -0.0000100000010000001,
    "priceEarningsRatio": -99999.99,
    "priceToCash": -99999.99,
    "foreignExempt": false,
    "shareDescription": "Ordinary Fully Paid",
    "numOfShares": 456369894,
    "yieldAnnual": 0,
    "incomeStatement": [
      {
        "revenue": 290,
        "netIncome": -375090,
        "period": "2022A",
        "fPeriodEndDate": 44742,
        "curCode": "AUD"
      },
      {
        "revenue": 100,
        "netIncome": -449580,
        "period": "2021A",
        "fPeriodEndDate": 44377,
        "curCode": "AUD"
      },
      {
        "revenue": 180,
        "netIncome": -512820,
        "period": "2020A",
        "fPeriodEndDate": 44012,
        "curCode": "AUD"
      },
      {
        "revenue": 550,
        "netIncome": -753950,
        "period": "2019A",
        "fPeriodEndDate": 43646,
        "curCode": "AUD"
      }
    ]
  },
  {
    "symbol": "JPR",
    "displayName": "JUPITER ENERGY LIMITED",
    "industry": "Energy",
    "dateListed": "2003-11-12",
    "marketCap": 36895504,
    "xid": "286521",
    "priceChangeFiveDayPercent": 0,
    "isRecentListing": false,
    "priceAsk": 0.03,
    "priceBid": 0.026000000000000002,
    "priceChange": 0,
    "priceChangePercent": 0,
    "priceLast": 0.03,
    "sector": "Energy",
    "industryGroup": "Energy",
    "securityType": 1,
    "volume": 0,
    "statusCode": "",
    "isin": "AU000000JPR6",
    "priceClose": 0.03,
    "priceFiftyTwoWeekHigh": 0.046,
    "priceFiftyTwoWeekLow": 0.02,
    "volumeAverage": 53515.075,
    "cashFlow": -0.05619,
    "earningsPerShare": -0.07505,
    "freeCashFlowYield": -0.0000100000010000001,
    "priceEarningsRatio": -99999.99,
    "priceToCash": -99999.99,
    "foreignExempt": false,
    "shareDescription": "Ordinary Fully Paid",
    "numOfShares": 1229850121,
    "yieldAnnual": 0,
    "incomeStatement": [
      {
        "revenue": 4126950,
        "netIncome": -11511010,
        "period": "2022A",
        "fPeriodEndDate": 44742,
        "curCode": "AUD"
      },
      {
        "revenue": 4025700,
        "netIncome": 61660,
        "period": "2021A",
        "fPeriodEndDate": 44377,
        "curCode": "AUD"
      },
      {
        "revenue": 5634060,
        "netIncome": -42352150,
        "period": "2020A",
        "fPeriodEndDate": 44012,
        "curCode": "AUD"
      },
      {
        "revenue": 8963530,
        "netIncome": -8927780,
        "period": "2019A",
        "fPeriodEndDate": 43646,
        "curCode": "AUD"
      }
    ]
  },
  {
    "symbol": "KLR",
    "displayName": "KAILI RESOURCES LIMITED",
    "industry": "Energy",
    "dateListed": "1997-03-06",
    "marketCap": 1916205,
    "xid": "58479276",
    "priceChangeFiveDayPercent": 0,
    "isRecentListing": false,
    "priceAsk": 0.028,
    "priceBid": 0.007,
    "priceChange": 0,
    "priceChangePercent": 0,
    "priceLast": 0.013000000000000001,
    "sector": "Energy",
    "industryGroup": "Energy",
    "securityType": 1,
    "volume": 0,
    "statusCode": "",
    "isin": "BMG5220L1090",
    "priceClose": 0.013000000000000001,
    "priceFiftyTwoWeekHigh": 0.035,
    "priceFiftyTwoWeekLow": 0.013,
    "volumeAverage": 3333,
    "cashFlow": -0.56354,
    "earningsPerShare": -0.00659,
    "freeCashFlowYield": -0.0000100000010000001,
    "priceEarningsRatio": -99999.99,
    "priceToCash": -99999.99,
    "foreignExempt": false,
    "shareDescription": "125c Ordinary Fully Paid",
    "numOfShares": 147400363,
    "yieldAnnual": 0,
    "incomeStatement": [
      {
        "revenue": 9620,
        "netIncome": -1326360,
        "period": "2021A",
        "fPeriodEndDate": 44561,
        "curCode": "AUD"
      },
      {
        "revenue": 5840,
        "netIncome": -1424490,
        "period": "2020A",
        "fPeriodEndDate": 44196,
        "curCode": "AUD"
      },
      {
        "revenue": 1850,
        "netIncome": -1522600,
        "period": "2019A",
        "fPeriodEndDate": 43830,
        "curCode": "AUD"
      },
      {
        "revenue": 1320,
        "netIncome": -832680,
        "period": "2018A",
        "fPeriodEndDate": 43465,
        "curCode": "AUD"
      }
    ]
  },
  {
    "symbol": "KAR",
    "displayName": "KAROON ENERGY LTD",
    "industry": "Energy",
    "dateListed": "2004-06-08",
    "marketCap": 1260410717,
    "xid": "175807",
    "priceChangeFiveDayPercent": -5.701754385964908,
    "isRecentListing": false,
    "priceAsk": 2.17,
    "priceBid": 2.13,
    "priceChange": -0.0900000000000003,
    "priceChangePercent": -4.017857142857156,
    "priceLast": 2.15,
    "sector": "Energy",
    "industryGroup": "Energy",
    "securityType": 1,
    "volume": 1304134,
    "statusCode": "",
    "isin": "AU000000KAR6",
    "priceClose": 2.24,
    "priceDayHigh": 2.21,
    "priceDayLow": 2.14,
    "priceFiftyTwoWeekHigh": 2.45,
    "priceFiftyTwoWeekLow": 1.43,
    "volumeAverage": 3269654.747253,
    "cashFlow": 133.0758,
    "earningsPerShare": -0.17688,
    "freeCashFlowYield": 0.0419839780742873,
    "priceEarningsRatio": -99999.99,
    "priceToCash": 23.81861,
    "foreignExempt": false,
    "shareDescription": "Ordinary Fully Paid",
    "numOfShares": 562683356,
    "yieldAnnual": 0,
    "incomeStatement": [
      {
        "revenue": 385074000,
        "netIncome": -64451000,
        "period": "2022A",
        "fPeriodEndDate": 44742,
        "curCode": "USD"
      },
      {
        "revenue": 170809000,
        "netIncome": 4384000,
        "period": "2021A",
        "fPeriodEndDate": 44377,
        "curCode": "USD"
      },
      {
        "revenue": 0,
        "netIncome": -86138000,
        "period": "2020A",
        "fPeriodEndDate": 44012,
        "curCode": "USD"
      },
      {
        "revenue": 1503930,
        "netIncome": -12259860,
        "period": "2019A",
        "fPeriodEndDate": 43646,
        "curCode": "USD"
      }
    ]
  },
  {
    "symbol": "KEY",
    "displayName": "KEY PETROLEUM LIMITED",
    "industry": "Energy",
    "dateListed": "2007-04-26",
    "marketCap": 2951892,
    "xid": "7082872",
    "priceChangeFiveDayPercent": 0,
    "isRecentListing": false,
    "priceAsk": 0.002,
    "priceBid": 0.001,
    "priceChange": 0,
    "priceChangePercent": 0,
    "priceLast": 0.0015,
    "sector": "Energy",
    "industryGroup": "Energy",
    "securityType": 1,
    "volume": 0,
    "statusCode": "",
    "isin": "AU000000KEY4",
    "priceClose": 0.0015,
    "priceFiftyTwoWeekHigh": 0.004,
    "priceFiftyTwoWeekLow": 0.001,
    "volumeAverage": 711088.4,
    "cashFlow": -0.81106,
    "earningsPerShare": -0.00062,
    "freeCashFlowYield": -0.0000100000010000001,
    "priceEarningsRatio": -99999.99,
    "priceToCash": -99999.99,
    "foreignExempt": false,
    "shareDescription": "Ordinary Fully Paid",
    "numOfShares": 1967928126,
    "yieldAnnual": 0,
    "incomeStatement": [
      {
        "revenue": 1350,
        "netIncome": -1222280,
        "period": "2022A",
        "fPeriodEndDate": 44742,
        "curCode": "AUD"
      },
      {
        "revenue": 4500,
        "netIncome": -2233600,
        "period": "2021A",
        "fPeriodEndDate": 44377,
        "curCode": "AUD"
      },
      {
        "revenue": 920,
        "netIncome": -145920,
        "period": "2020A",
        "fPeriodEndDate": 44012,
        "curCode": "AUD"
      },
      {
        "revenue": 8620,
        "netIncome": -780640,
        "period": "2019A",
        "fPeriodEndDate": 43646,
        "curCode": "AUD"
      }
    ]
  },
  {
    "symbol": "KKO",
    "displayName": "KINETIKO ENERGY LTD",
    "industry": "Energy",
    "dateListed": "2011-07-21",
    "marketCap": 81603266,
    "xid": "35292738",
    "priceChangeFiveDayPercent": 9.523809523809533,
    "isRecentListing": false,
    "priceAsk": 0.12,
    "priceBid": 0.11,
    "priceChange": 0.010000000000000009,
    "priceChangePercent": 9.523809523809533,
    "priceLast": 0.115,
    "sector": "Energy",
    "industryGroup": "Energy",
    "securityType": 1,
    "volume": 222638,
    "statusCode": "",
    "isin": "AU000000KKO2",
    "priceClose": 0.105,
    "priceDayHigh": 0.115,
    "priceDayLow": 0.11,
    "priceFiftyTwoWeekHigh": 0.15,
    "priceFiftyTwoWeekLow": 0.047,
    "volumeAverage": 378640.525,
    "cashFlow": -3.82929,
    "earningsPerShare": -0.0092,
    "freeCashFlowYield": -0.0000100000010000001,
    "priceEarningsRatio": -99999.99,
    "priceToCash": -99999.99,
    "foreignExempt": false,
    "shareDescription": "Ordinary Fully Paid",
    "numOfShares": 777173966,
    "yieldAnnual": 0,
    "incomeStatement": [
      {
        "revenue": 720,
        "netIncome": -5818850,
        "period": "2022A",
        "fPeriodEndDate": 44742,
        "curCode": "AUD"
      },
      {
        "revenue": 43420,
        "netIncome": -1704900,
        "period": "2021A",
        "fPeriodEndDate": 44377,
        "curCode": "AUD"
      },
      {
        "revenue": 2840,
        "netIncome": -1874160,
        "period": "2020A",
        "fPeriodEndDate": 44012,
        "curCode": "AUD"
      },
      {
        "revenue": 10480,
        "netIncome": -1702130,
        "period": "2019A",
        "fPeriodEndDate": 43646,
        "curCode": "AUD"
      }
    ]
  },
  {
    "symbol": "LKO",
    "displayName": "LAKES BLUE ENERGY NL",
    "industry": "Energy",
    "dateListed": "1985-12-05",
    "marketCap": 46654599,
    "xid": "184136",
    "priceChangeFiveDayPercent": 0,
    "isRecentListing": false,
    "priceAsk": 0.001,
    "priceChange": 0,
    "priceChangePercent": 0,
    "priceLast": 0.001,
    "sector": "Energy",
    "industryGroup": "Energy",
    "securityType": 1,
    "volume": 0,
    "statusCode": "",
    "isin": "AU000000LKO0",
    "priceClose": 0.001,
    "priceFiftyTwoWeekHigh": 0.002,
    "priceFiftyTwoWeekLow": 0.001,
    "volumeAverage": 3401046.727273,
    "cashFlow": -3.41659,
    "earningsPerShare": -0.00034,
    "freeCashFlowYield": -0.0000100000010000001,
    "priceEarningsRatio": -99999.99,
    "priceToCash": -99999.99,
    "foreignExempt": false,
    "shareDescription": "Ordinary Fully Paid",
    "numOfShares": 46654598508,
    "yieldAnnual": 0,
    "incomeStatement": [
      {
        "revenue": 36710,
        "netIncome": -14242310,
        "period": "2022A",
        "fPeriodEndDate": 44742,
        "curCode": "AUD"
      },
      {
        "revenue": 189780,
        "netIncome": -4199280,
        "period": "2021A",
        "fPeriodEndDate": 44377,
        "curCode": "AUD"
      },
      {
        "revenue": 1741050,
        "netIncome": -619520,
        "period": "2020A",
        "fPeriodEndDate": 44012,
        "curCode": "AUD"
      },
      {
        "revenue": 871570,
        "netIncome": -3363530,
        "period": "2019A",
        "fPeriodEndDate": 43646,
        "curCode": "AUD"
      }
    ]
  },
  {
    "symbol": "LAM",
    "displayName": "LARAMIDE RESOURCES LTD",
    "industry": "Energy",
    "dateListed": "2013-04-30",
    "marketCap": 103243508,
    "xid": "57604202",
    "priceChangeFiveDayPercent": 0,
    "isRecentListing": false,
    "priceAsk": 0.77,
    "priceBid": 0.505,
    "priceChange": 0,
    "priceChangePercent": 0,
    "priceLast": 0.5,
    "sector": "Energy",
    "industryGroup": "Energy",
    "securityType": 1,
    "volume": 0,
    "statusCode": "",
    "isin": "AU000000LAM5",
    "priceClose": 0.5,
    "priceFiftyTwoWeekHigh": 1.03,
    "priceFiftyTwoWeekLow": 0.485,
    "volumeAverage": 4386.785714,
    "cashFlow": -5.08602,
    "earningsPerShare": -0.01152,
    "freeCashFlowYield": -0.0000100000010000001,
    "priceEarningsRatio": -99999.99,
    "priceToCash": -99999.99,
    "foreignExempt": false,
    "shareDescription": "Chess Depositary Interests 1:1",
    "numOfShares": 206487016,
    "yieldAnnual": 0,
    "incomeStatement": [
      {
        "revenue": 0,
        "netIncome": -8872020,
        "period": "2021A",
        "fPeriodEndDate": 44561,
        "curCode": "CAD"
      },
      {
        "revenue": 0,
        "netIncome": -5402240,
        "period": "2020A",
        "fPeriodEndDate": 44196,
        "curCode": "CAD"
      },
      {
        "revenue": 0,
        "netIncome": -421990,
        "period": "2019A",
        "fPeriodEndDate": 43830,
        "curCode": "CAD"
      },
      {
        "revenue": 300,
        "netIncome": -4654620,
        "period": "2018A",
        "fPeriodEndDate": 43465,
        "curCode": "CAD"
      }
    ]
  },
  {
    "symbol": "LIO",
    "displayName": "LION ENERGY LIMITED",
    "industry": "Energy",
    "dateListed": "1972-02-15",
    "marketCap": 14061637,
    "xid": "183754",
    "priceChangeFiveDayPercent": -2.9411764705882377,
    "isRecentListing": false,
    "priceAsk": 0.037,
    "priceBid": 0.03,
    "priceChange": 0,
    "priceChangePercent": 0,
    "priceLast": 0.033,
    "sector": "Energy",
    "industryGroup": "Energy",
    "securityType": 1,
    "volume": 28787,
    "statusCode": "",
    "isin": "AU000000LIO4",
    "priceClose": 0.033,
    "priceDayHigh": 0.033,
    "priceDayLow": 0.033,
    "priceFiftyTwoWeekHigh": 0.076,
    "priceFiftyTwoWeekLow": 0.027,
    "volumeAverage": 305152.116279,
    "cashFlow": -1.56908,
    "earningsPerShare": -0.00863,
    "freeCashFlowYield": -0.0000100000010000001,
    "priceEarningsRatio": -99999.99,
    "priceToCash": -99999.99,
    "foreignExempt": false,
    "shareDescription": "Ordinary Fully Paid",
    "numOfShares": 426110223,
    "yieldAnnual": 0,
    "incomeStatement": [
      {
        "revenue": 945890,
        "netIncome": -1831580,
        "period": "2021A",
        "fPeriodEndDate": 44561,
        "curCode": "USD"
      },
      {
        "revenue": 935030,
        "netIncome": -746270,
        "period": "2020A",
        "fPeriodEndDate": 44196,
        "curCode": "USD"
      },
      {
        "revenue": 548270,
        "netIncome": -778200,
        "period": "2019A",
        "fPeriodEndDate": 43830,
        "curCode": "USD"
      },
      {
        "revenue": 960390,
        "netIncome": -727680,
        "period": "2018A",
        "fPeriodEndDate": 43465,
        "curCode": "USD"
      }
    ]
  },
  {
    "symbol": "MHC",
    "displayName": "MANHATTAN CORPORATION LIMITED",
    "industry": "Energy",
    "dateListed": "2008-01-29",
    "marketCap": 8394533,
    "xid": "8382812",
    "priceChangeFiveDayPercent": 1.5770213417970975e-14,
    "isRecentListing": false,
    "priceAsk": 0.006,
    "priceBid": 0.005,
    "priceChange": 0,
    "priceChangePercent": 0,
    "priceLast": 0.0055000000000000005,
    "sector": "Materials",
    "industryGroup": "Materials",
    "securityType": 1,
    "volume": 60552,
    "statusCode": "",
    "isin": "AU000000MHC9",
    "priceClose": 0.0055000000000000005,
    "priceDayHigh": 0.0055000000000000005,
    "priceDayLow": 0.0055000000000000005,
    "priceFiftyTwoWeekHigh": 0.018,
    "priceFiftyTwoWeekLow": 0.005,
    "volumeAverage": 1601698.839506,
    "cashFlow": -2.04533,
    "earningsPerShare": -0.00035,
    "freeCashFlowYield": -0.0000100000010000001,
    "priceEarningsRatio": -99999.99,
    "priceToCash": -99999.99,
    "foreignExempt": false,
    "shareDescription": "Ordinary Fully Paid",
    "numOfShares": 1526278693,
    "yieldAnnual": 0,
    "incomeStatement": [
      {
        "revenue": 560,
        "netIncome": -536020,
        "period": "2022A",
        "fPeriodEndDate": 44742,
        "curCode": "AUD"
      },
      {
        "revenue": 1080,
        "netIncome": -599020,
        "period": "2021A",
        "fPeriodEndDate": 44377,
        "curCode": "AUD"
      },
      {
        "revenue": 1190,
        "netIncome": -530770,
        "period": "2020A",
        "fPeriodEndDate": 44012,
        "curCode": "AUD"
      },
      {
        "revenue": 5370,
        "netIncome": -1441010,
        "period": "2019A",
        "fPeriodEndDate": 43646,
        "curCode": "AUD"
      }
    ]
  },
  {
    "symbol": "MEU",
    "displayName": "MARMOTA LIMITED",
    "industry": "Energy",
    "dateListed": "2007-11-21",
    "marketCap": 46587225,
    "xid": "8881285",
    "priceChangeFiveDayPercent": 0,
    "isRecentListing": false,
    "priceAsk": 0.046,
    "priceBid": 0.044,
    "priceChange": 0.0020000000000000018,
    "priceChangePercent": 4.545454545454549,
    "priceLast": 0.046,
    "sector": "Energy",
    "industryGroup": "Energy",
    "securityType": 1,
    "volume": 394671,
    "statusCode": "",
    "isin": "AU000000MEU8",
    "priceClose": 0.044,
    "priceDayHigh": 0.046,
    "priceDayLow": 0.045,
    "priceFiftyTwoWeekHigh": 0.08,
    "priceFiftyTwoWeekLow": 0.041,
    "volumeAverage": 697362.640449,
    "cashFlow": -1.99193,
    "earningsPerShare": -0.00043,
    "freeCashFlowYield": -0.0000100000010000001,
    "priceEarningsRatio": -99999.99,
    "priceToCash": -99999.99,
    "foreignExempt": false,
    "shareDescription": "Ordinary Fully Paid",
    "numOfShares": 1058800575,
    "yieldAnnual": 0,
    "incomeStatement": [
      {
        "revenue": 4180,
        "netIncome": -422250,
        "period": "2022A",
        "fPeriodEndDate": 44742,
        "curCode": "AUD"
      },
      {
        "revenue": 33740,
        "netIncome": -298290,
        "period": "2021A",
        "fPeriodEndDate": 44377,
        "curCode": "AUD"
      },
      {
        "revenue": 27400,
        "netIncome": -2272190,
        "period": "2020A",
        "fPeriodEndDate": 44012,
        "curCode": "AUD"
      },
      {
        "revenue": 13690,
        "netIncome": -317750,
        "period": "2019A",
        "fPeriodEndDate": 43646,
        "curCode": "AUD"
      }
    ]
  },
  {
    "symbol": "MCE",
    "displayName": "MATRIX COMPOSITES & ENGINEERING LIMITED",
    "industry": "Energy",
    "dateListed": "2009-11-16",
    "marketCap": 43091072,
    "xid": "21476653",
    "priceChangeFiveDayPercent": 3.448275862068969,
    "isRecentListing": false,
    "priceAsk": 0.3,
    "priceBid": 0.28500000000000003,
    "priceChange": 0.0050000000000000044,
    "priceChangePercent": 1.6949152542372898,
    "priceLast": 0.3,
    "sector": "Energy",
    "industryGroup": "Energy",
    "securityType": 1,
    "volume": 31676,
    "statusCode": "",
    "isin": "AU000000MCE6",
    "priceClose": 0.295,
    "priceDayHigh": 0.3,
    "priceDayLow": 0.28500000000000003,
    "priceFiftyTwoWeekHigh": 0.315,
    "priceFiftyTwoWeekLow": 0.135,
    "volumeAverage": 185233.348837,
    "dateExDate": "2015-09-14",
    "datePayDate": "2015-09-30",
    "dateRecordDate": "2015-09-16",
    "dividend": 0.01,
    "dividendType": "F",
    "frankingPercent": 100,
    "cashFlow": -5.655,
    "earningsPerShare": -0.04327,
    "freeCashFlowYield": -0.0000100000010000001,
    "priceEarningsRatio": -99999.99,
    "priceToCash": -99999.99,
    "foreignExempt": false,
    "shareDescription": "Ordinary Fully Paid",
    "numOfShares": 146071429,
    "yieldAnnual": 0,
    "incomeStatement": [
      {
        "revenue": 28625000,
        "netIncome": -4776000,
        "period": "2022A",
        "fPeriodEndDate": 44742,
        "curCode": "AUD"
      },
      {
        "revenue": 17618000,
        "netIncome": -27924000,
        "period": "2021A",
        "fPeriodEndDate": 44377,
        "curCode": "AUD"
      },
      {
        "revenue": 27437000,
        "netIncome": -67865000,
        "period": "2020A",
        "fPeriodEndDate": 44012,
        "curCode": "AUD"
      },
      {
        "revenue": 38187290,
        "netIncome": -8684090,
        "period": "2019A",
        "fPeriodEndDate": 43646,
        "curCode": "AUD"
      }
    ]
  },
  {
    "symbol": "MCM",
    "displayName": "MC MINING LIMITED",
    "industry": "Energy",
    "dateListed": "1980-04-24",
    "marketCap": 99420397,
    "xid": "143247",
    "priceChangeFiveDayPercent": 19.56521739130435,
    "isRecentListing": false,
    "priceAsk": 0.275,
    "priceBid": 0.27,
    "priceChange": 0.025000000000000022,
    "priceChangePercent": 10.000000000000009,
    "priceLast": 0.275,
    "sector": "Energy",
    "industryGroup": "Energy",
    "securityType": 1,
    "volume": 68372,
    "statusCode": "",
    "isin": "AU000000MCM9",
    "priceClose": 0.25,
    "priceDayHigh": 0.275,
    "priceDayLow": 0.27,
    "priceFiftyTwoWeekHigh": 0.70457,
    "priceFiftyTwoWeekLow": 0.05941,
    "volumeAverage": 93082.361543,
    "cashFlow": -5.21918,
    "earningsPerShare": -0.13593,
    "freeCashFlowYield": -0.0000100000010000001,
    "priceEarningsRatio": -99999.99,
    "priceToCash": -99999.99,
    "foreignExempt": false,
    "shareDescription": "Ordinary Fully Paid",
    "numOfShares": 397681589,
    "yieldAnnual": 0,
    "incomeStatement": [
      {
        "revenue": 23511000,
        "netIncome": -20732000,
        "period": "2022A",
        "fPeriodEndDate": 44742,
        "curCode": "USD"
      },
      {
        "revenue": 20702000,
        "netIncome": -11744000,
        "period": "2021A",
        "fPeriodEndDate": 44377,
        "curCode": "USD"
      },
      {
        "revenue": 17155000,
        "netIncome": -12048000,
        "period": "2020A",
        "fPeriodEndDate": 44012,
        "curCode": "USD"
      },
      {
        "revenue": 26403000,
        "netIncome": -33421000,
        "period": "2019A",
        "fPeriodEndDate": 43646,
        "curCode": "USD"
      }
    ]
  },
  {
    "symbol": "MMR",
    "displayName": "MEC RESOURCES LIMITED",
    "industry": "Energy",
    "dateListed": "2006-05-29",
    "marketCap": -1,
    "xid": "4714650",
    "priceChangeFiveDayPercent": 0,
    "isRecentListing": false,
    "priceChange": 0,
    "priceChangePercent": 0,
    "priceLast": 0.004,
    "sector": "Energy",
    "industryGroup": "Energy",
    "securityType": 1,
    "volume": 0,
    "statusCode": "",
    "isin": "AU000000MMR7",
    "priceClose": 0.004,
    "priceFiftyTwoWeekHigh": 0.004,
    "priceFiftyTwoWeekLow": 0.004,
    "cashFlow": -0.21658,
    "earningsPerShare": -0.00133,
    "freeCashFlowYield": -0.0000100000010000001,
    "priceEarningsRatio": -99999.99,
    "priceToCash": -99999.99,
    "foreignExempt": false,
    "shareDescription": "Ordinary Fully Paid",
    "numOfShares": 809163335,
    "yieldAnnual": 0,
    "incomeStatement": [
      {
        "revenue": 0,
        "netIncome": -1034050,
        "period": "2021A",
        "fPeriodEndDate": 44377,
        "curCode": "AUD"
      },
      {
        "revenue": 2460,
        "netIncome": -2669800,
        "period": "2020A",
        "fPeriodEndDate": 44012,
        "curCode": "AUD"
      },
      {
        "revenue": 107130,
        "netIncome": -1339670,
        "period": "2019A",
        "fPeriodEndDate": 43646,
        "curCode": "AUD"
      },
      {
        "revenue": 86160,
        "netIncome": -9826560,
        "period": "2018A",
        "fPeriodEndDate": 43281,
        "curCode": "AUD"
      }
    ]
  },
  {
    "symbol": "MAY",
    "displayName": "MELBANA ENERGY LIMITED",
    "industry": "Energy",
    "dateListed": "1998-03-27",
    "marketCap": 202212246,
    "xid": "199239",
    "priceChangeFiveDayPercent": 0,
    "isRecentListing": false,
    "priceAsk": 0.061,
    "priceBid": 0.06,
    "priceChange": 0.0020000000000000018,
    "priceChangePercent": 3.3333333333333366,
    "priceLast": 0.062,
    "sector": "Energy",
    "industryGroup": "Energy",
    "securityType": 1,
    "volume": 4652964,
    "statusCode": "",
    "isin": "AU000000MAY8",
    "priceClose": 0.06,
    "priceDayHigh": 0.063,
    "priceDayLow": 0.06,
    "priceFiftyTwoWeekHigh": 0.215,
    "priceFiftyTwoWeekLow": 0.02,
    "volumeAverage": 12186404.912088,
    "cashFlow": -41.34102,
    "earningsPerShare": 0.00207,
    "freeCashFlowYield": 0.03191918572880439,
    "priceEarningsRatio": 28.98551,
    "priceToCash": 31.32912,
    "foreignExempt": false,
    "shareDescription": "Ordinary Fully Paid",
    "numOfShares": 3370204104,
    "yieldAnnual": 0,
    "incomeStatement": [
      {
        "revenue": 10392730,
        "netIncome": 6332810,
        "period": "2022A",
        "fPeriodEndDate": 44742,
        "curCode": "AUD"
      },
      {
        "revenue": 1068020,
        "netIncome": -1398120,
        "period": "2021A",
        "fPeriodEndDate": 44377,
        "curCode": "AUD"
      },
      {
        "revenue": 10350,
        "netIncome": -2157910,
        "period": "2020A",
        "fPeriodEndDate": 44012,
        "curCode": "AUD"
      },
      {
        "revenue": 289810,
        "netIncome": -3357700,
        "period": "2019A",
        "fPeriodEndDate": 43646,
        "curCode": "AUD"
      }
    ]
  },
  {
    "symbol": "MEL",
    "displayName": "METGASCO LTD",
    "industry": "Energy",
    "dateListed": "2004-12-23",
    "marketCap": 22341580,
    "xid": "199119",
    "priceChangeFiveDayPercent": 5.000000000000004,
    "isRecentListing": false,
    "priceAsk": 0.021,
    "priceBid": 0.019,
    "priceChange": 0,
    "priceChangePercent": 0,
    "priceLast": 0.021,
    "sector": "Energy",
    "industryGroup": "Energy",
    "securityType": 1,
    "volume": 2729280,
    "statusCode": "",
    "isin": "AU000000MEL7",
    "priceClose": 0.021,
    "priceDayHigh": 0.021,
    "priceDayLow": 0.02,
    "priceFiftyTwoWeekHigh": 0.053,
    "priceFiftyTwoWeekLow": 0.018,
    "volumeAverage": 2207489.685393,
    "cashFlow": -2.92558,
    "earningsPerShare": -0.00816,
    "freeCashFlowYield": -0.0000100000010000001,
    "priceEarningsRatio": -99999.99,
    "priceToCash": -99999.99,
    "foreignExempt": false,
    "shareDescription": "Ordinary Fully Paid",
    "numOfShares": 1063884745,
    "yieldAnnual": 0,
    "incomeStatement": [
      {
        "revenue": 110,
        "netIncome": -6113330,
        "period": "2022A",
        "fPeriodEndDate": 44742,
        "curCode": "AUD"
      },
      {
        "revenue": 160,
        "netIncome": -1180550,
        "period": "2021A",
        "fPeriodEndDate": 44377,
        "curCode": "AUD"
      },
      {
        "revenue": 5900,
        "netIncome": -7463050,
        "period": "2020A",
        "fPeriodEndDate": 44012,
        "curCode": "AUD"
      },
      {
        "revenue": 377700,
        "netIncome": -14223290,
        "period": "2019A",
        "fPeriodEndDate": 43646,
        "curCode": "AUD"
      }
    ]
  },
  {
    "symbol": "MRM",
    "displayName": "MMA OFFSHORE LIMITED",
    "industry": "Energy",
    "dateListed": "1999-06-21",
    "marketCap": 355231303,
    "xid": "643023406",
    "priceChangeFiveDayPercent": -1.041666666666656,
    "isRecentListing": false,
    "priceAsk": 0.9550000000000001,
    "priceBid": 0.9400000000000001,
    "priceChange": -0.014999999999999902,
    "priceChangePercent": -1.5544041450777102,
    "priceLast": 0.9500000000000001,
    "sector": "Energy",
    "industryGroup": "Energy",
    "securityType": 1,
    "volume": 37082,
    "statusCode": "",
    "isin": "AU000000MRM7",
    "priceClose": 0.965,
    "priceDayHigh": 0.965,
    "priceDayLow": 0.9400000000000001,
    "priceFiftyTwoWeekHigh": 1.005,
    "priceFiftyTwoWeekLow": 0.35,
    "volumeAverage": 674735.615385,
    "cashFlow": 2.407,
    "earningsPerShare": 0.08441,
    "freeCashFlowYield": 0.182447459692795,
    "priceEarningsRatio": 11.43229,
    "priceToCash": 5.48103,
    "foreignExempt": false,
    "shareDescription": "Ordinary Fully Paid",
    "numOfShares": 368115340,
    "yieldAnnual": 0,
    "incomeStatement": [
      {
        "revenue": 283848000,
        "netIncome": 33393000,
        "period": "2022A",
        "fPeriodEndDate": 44742,
        "curCode": "AUD"
      },
      {
        "revenue": 237606000,
        "netIncome": 2424000,
        "period": "2021A",
        "fPeriodEndDate": 44377,
        "curCode": "AUD"
      },
      {
        "revenue": 273834000,
        "netIncome": -94187000,
        "period": "2020A",
        "fPeriodEndDate": 44012,
        "curCode": "AUD"
      },
      {
        "revenue": 240537000,
        "netIncome": -37373000,
        "period": "2019A",
        "fPeriodEndDate": 43646,
        "curCode": "AUD"
      }
    ]
  },
  {
    "symbol": "NRZ",
    "displayName": "NEURIZER LTD",
    "industry": "Energy",
    "dateListed": "2005-03-17",
    "marketCap": 106229821,
    "xid": "1450031",
    "priceChangeFiveDayPercent": -3.061224489795921,
    "isRecentListing": false,
    "priceAsk": 0.1,
    "priceBid": 0.095,
    "priceChange": -0.0010000000000000009,
    "priceChangePercent": -1.0416666666666676,
    "priceLast": 0.095,
    "sector": "Materials",
    "industryGroup": "Materials",
    "securityType": 1,
    "volume": 772435,
    "statusCode": "",
    "isin": "AU0000214967",
    "priceClose": 0.096,
    "priceDayHigh": 0.0965,
    "priceDayLow": 0.094,
    "priceFiftyTwoWeekHigh": 0.255,
    "priceFiftyTwoWeekLow": 0.094,
    "volumeAverage": 1277759.483146,
    "cashFlow": -16.47276,
    "earningsPerShare": -0.02481,
    "freeCashFlowYield": -0.0000100000010000001,
    "priceEarningsRatio": -99999.99,
    "priceToCash": -99999.99,
    "foreignExempt": false,
    "shareDescription": "Ordinary Fully Paid",
    "numOfShares": 1106560638,
    "yieldAnnual": 0,
    "incomeStatement": [
      {
        "revenue": 1760,
        "netIncome": -20398160,
        "period": "2022A",
        "fPeriodEndDate": 44742,
        "curCode": "AUD"
      },
      {
        "revenue": 2560,
        "netIncome": -13574170,
        "period": "2021A",
        "fPeriodEndDate": 44377,
        "curCode": "AUD"
      },
      {
        "revenue": 25490,
        "netIncome": -7154940,
        "period": "2020A",
        "fPeriodEndDate": 44012,
        "curCode": "AUD"
      },
      {
        "revenue": 124430,
        "netIncome": -9534860,
        "period": "2019A",
        "fPeriodEndDate": 43646,
        "curCode": "AUD"
      }
    ]
  },
  {
    "symbol": "NAE",
    "displayName": "NEW AGE EXPLORATION LIMITED",
    "industry": "Energy",
    "dateListed": "1994-02-18",
    "marketCap": 11487191,
    "xid": "181047",
    "priceChangeFiveDayPercent": -12.5,
    "isRecentListing": false,
    "priceAsk": 0.008,
    "priceBid": 0.007,
    "priceChange": -0.001,
    "priceChangePercent": -12.5,
    "priceLast": 0.007,
    "sector": "Energy",
    "industryGroup": "Energy",
    "securityType": 1,
    "volume": 1229224,
    "statusCode": "",
    "isin": "AU000000NAE8",
    "priceClose": 0.008,
    "priceDayHigh": 0.008,
    "priceDayLow": 0.007,
    "priceFiftyTwoWeekHigh": 0.021,
    "priceFiftyTwoWeekLow": 0.005,
    "volumeAverage": 8322976.329545,
    "cashFlow": -2.18406,
    "earningsPerShare": -0.00082,
    "freeCashFlowYield": -0.0000100000010000001,
    "priceEarningsRatio": -99999.99,
    "priceToCash": -99999.99,
    "foreignExempt": false,
    "shareDescription": "Ordinary Fully Paid",
    "numOfShares": 1435898910,
    "yieldAnnual": 0,
    "incomeStatement": [
      {
        "revenue": 7180,
        "netIncome": -1180450,
        "period": "2022A",
        "fPeriodEndDate": 44742,
        "curCode": "AUD"
      },
      {
        "revenue": 12080,
        "netIncome": -5524110,
        "period": "2021A",
        "fPeriodEndDate": 44377,
        "curCode": "AUD"
      },
      {
        "revenue": 109680,
        "netIncome": -4874740,
        "period": "2020A",
        "fPeriodEndDate": 44012,
        "curCode": "AUD"
      },
      {
        "revenue": 51840,
        "netIncome": -1131590,
        "period": "2019A",
        "fPeriodEndDate": 43646,
        "curCode": "AUD"
      }
    ]
  },
  {
    "symbol": "NHC",
    "displayName": "NEW HOPE CORPORATION LIMITED",
    "industry": "Energy",
    "dateListed": "2003-09-16",
    "marketCap": 5680318022,
    "xid": "212085",
    "priceChangeFiveDayPercent": -4.74732006125575,
    "isRecentListing": false,
    "priceAsk": 6.25,
    "priceBid": 6.22,
    "priceChange": -0.22000000000000064,
    "priceChangePercent": -3.416149068322991,
    "priceLast": 6.22,
    "sector": "Energy",
    "industryGroup": "Energy",
    "securityType": 1,
    "volume": 4708298,
    "statusCode": "",
    "isin": "AU000000NHC7",
    "priceClose": 6.44,
    "priceDayHigh": 6.36,
    "priceDayLow": 6.19,
    "priceFiftyTwoWeekHigh": 7.465,
    "priceFiftyTwoWeekLow": 2.18,
    "volumeAverage": 5728175.406593,
    "dateExDate": "2022-10-24",
    "datePayDate": "2022-11-08",
    "dateRecordDate": "2022-10-25",
    "dividend": 0.56,
    "dividendType": "F",
    "frankingPercent": 100,
    "cashFlow": 752.836,
    "earningsPerShare": 1.05241,
    "freeCashFlowYield": 0.19790184464309393,
    "priceEarningsRatio": 6.11929,
    "priceToCash": 5.05301,
    "foreignExempt": false,
    "shareDescription": "Ordinary Fully Paid",
    "numOfShares": 882036960,
    "yieldAnnual": 13.826366559485532,
    "incomeStatement": [
      {
        "revenue": 2552395000,
        "netIncome": 983009000,
        "period": "2022A",
        "fPeriodEndDate": 44773,
        "curCode": "AUD"
      },
      {
        "revenue": 1042378000,
        "netIncome": 79350000,
        "period": "2021A",
        "fPeriodEndDate": 44408,
        "curCode": "AUD"
      },
      {
        "revenue": 1080009000,
        "netIncome": -156783000,
        "period": "2020A",
        "fPeriodEndDate": 44043,
        "curCode": "AUD"
      },
      {
        "revenue": 1306429000,
        "netIncome": 210652000,
        "period": "2019A",
        "fPeriodEndDate": 43677,
        "curCode": "AUD"
      }
    ]
  },
  {
    "symbol": "NZO",
    "displayName": "NEW ZEALAND OIL & GAS LIMITED",
    "industry": "Energy",
    "dateListed": "2020-09-25",
    "marketCap": 81742056,
    "xid": "617023606",
    "priceChangeFiveDayPercent": 0,
    "isRecentListing": false,
    "priceAsk": 0.4,
    "priceBid": 0.37,
    "priceChange": 0,
    "priceChangePercent": 0,
    "priceLast": 0.365,
    "sector": "Energy",
    "industryGroup": "Energy",
    "securityType": 1,
    "volume": 0,
    "statusCode": "",
    "isin": "NZNZOE0010S7",
    "priceClose": 0.365,
    "priceFiftyTwoWeekHigh": 0.50038,
    "priceFiftyTwoWeekLow": 0.35,
    "volumeAverage": 10923.363636,
    "cashFlow": 12.269,
    "earningsPerShare": 0.09463,
    "freeCashFlowYield": 0.4184380544304222,
    "priceEarningsRatio": 4.43834,
    "priceToCash": 2.38984,
    "foreignExempt": false,
    "shareDescription": "Ordinary Fully Paid",
    "numOfShares": 223950838,
    "yieldAnnual": 0,
    "incomeStatement": [
      {
        "revenue": 83806000,
        "netIncome": 17159000,
        "period": "2022A",
        "fPeriodEndDate": 44742,
        "curCode": "NZD"
      },
      {
        "revenue": 36007000,
        "netIncome": -36435000,
        "period": "2021A",
        "fPeriodEndDate": 44377,
        "curCode": "NZD"
      },
      {
        "revenue": 37270000,
        "netIncome": -1382000,
        "period": "2020A",
        "fPeriodEndDate": 44012,
        "curCode": "NZD"
      },
      {
        "revenue": 43323000,
        "netIncome": -7480000,
        "period": "2019A",
        "fPeriodEndDate": 43646,
        "curCode": "NZD"
      }
    ]
  },
  {
    "symbol": "NXG",
    "displayName": "NEXGEN ENERGY (CANADA) LTD",
    "industry": "Energy",
    "dateListed": "2021-07-02",
    "marketCap": 2894573767,
    "xid": "665729820",
    "priceChangeFiveDayPercent": 1.1608623548922103,
    "isRecentListing": false,
    "priceAsk": 7.08,
    "priceBid": 6.1000000000000005,
    "priceChange": 0.07000000000000028,
    "priceChangePercent": 1.1608623548922103,
    "priceLast": 6.1000000000000005,
    "securityType": 1,
    "volume": 81,
    "statusCode": "",
    "isin": "AU0000159329",
    "priceClose": 6.03,
    "priceDayHigh": 6.1000000000000005,
    "priceDayLow": 6.1000000000000005,
    "priceFiftyTwoWeekHigh": 8.99,
    "priceFiftyTwoWeekLow": 5.19,
    "volumeAverage": 8652.236111,
    "foreignExempt": true,
    "shareDescription": "Cdi 1:1 Foreign Exempt Tsx",
    "numOfShares": 480028817,
    "yieldAnnual": 0,
    "incomeStatement": [
      {
        "revenue": 0,
        "netIncome": -119087000,
        "period": "2021A",
        "fPeriodEndDate": 44561,
        "curCode": "CAD"
      },
      {
        "revenue": 0,
        "netIncome": -109828220,
        "period": "2020A",
        "fPeriodEndDate": 44196,
        "curCode": "CAD"
      },
      {
        "revenue": 0,
        "netIncome": -15531910,
        "period": "2019A",
        "fPeriodEndDate": 43830,
        "curCode": "CAD"
      },
      {
        "revenue": 0,
        "netIncome": 2269690,
        "period": "2018A",
        "fPeriodEndDate": 43465,
        "curCode": "CAD"
      }
    ]
  },
  {
    "symbol": "NHE",
    "displayName": "NOBLE HELIUM LIMITED",
    "industry": "Energy",
    "dateListed": "2022-04-08",
    "marketCap": 33574029,
    "xid": "710465942",
    "priceChangeFiveDayPercent": 0,
    "isRecentListing": false,
    "priceAsk": 0.155,
    "priceBid": 0.145,
    "priceChange": 0,
    "priceChangePercent": 0,
    "priceLast": 0.15,
    "sector": "Energy",
    "industryGroup": "Energy",
    "securityType": 1,
    "volume": 7980,
    "statusCode": "",
    "isin": "AU0000210940",
    "priceClose": 0.15,
    "priceDayHigh": 0.155,
    "priceDayLow": 0.15,
    "priceFiftyTwoWeekHigh": 0.43,
    "priceFiftyTwoWeekLow": 0.145,
    "volumeAverage": 325335.916667,
    "cashFlow": -3.07765,
    "earningsPerShare": -0.01986,
    "freeCashFlowYield": -0.0000100000010000001,
    "priceEarningsRatio": -99999.99,
    "priceToCash": -99999.99,
    "foreignExempt": false,
    "shareDescription": "Ordinary Fully Paid",
    "numOfShares": 223826858,
    "yieldAnnual": 0,
    "incomeStatement": [
      {
        "revenue": 940,
        "netIncome": -2746010,
        "period": "2022A",
        "fPeriodEndDate": 44742,
        "curCode": "AUD"
      },
      {
        "revenue": 0,
        "netIncome": -165420,
        "period": "2021A",
        "fPeriodEndDate": 44377,
        "curCode": "AUD"
      },
      {
        "revenue": 23890,
        "netIncome": -306180,
        "period": "2020A",
        "fPeriodEndDate": 44012,
        "curCode": "AUD"
      },
      {
        "revenue": 16260,
        "netIncome": -202290,
        "period": "2019A",
        "fPeriodEndDate": 43646,
        "curCode": "AUD"
      }
    ]
  },
  {
    "symbol": "NWE",
    "displayName": "NORWEST ENERGY NL",
    "industry": "Energy",
    "dateListed": "1997-09-19",
    "marketCap": 382673581,
    "xid": "219088",
    "priceChangeFiveDayPercent": -3.4482758620689684,
    "isRecentListing": false,
    "priceAsk": 0.057,
    "priceBid": 0.056,
    "priceChange": -0.0010000000000000009,
    "priceChangePercent": -1.7543859649122822,
    "priceLast": 0.056,
    "sector": "Energy",
    "industryGroup": "Energy",
    "securityType": 1,
    "volume": 8080608,
    "statusCode": "",
    "isin": "AU000000NWE2",
    "priceClose": 0.057,
    "priceDayHigh": 0.058,
    "priceDayLow": 0.055,
    "priceFiftyTwoWeekHigh": 0.061,
    "priceFiftyTwoWeekLow": 0.023,
    "volumeAverage": 13055931.791209,
    "cashFlow": -5.39959,
    "earningsPerShare": -0.00035,
    "freeCashFlowYield": -0.0000100000010000001,
    "priceEarningsRatio": -99999.99,
    "priceToCash": -99999.99,
    "foreignExempt": false,
    "shareDescription": "Ordinary Fully Paid",
    "numOfShares": 6713571592,
    "yieldAnnual": 0,
    "incomeStatement": [
      {
        "revenue": 520,
        "netIncome": -1993890,
        "period": "2022A",
        "fPeriodEndDate": 44742,
        "curCode": "AUD"
      },
      {
        "revenue": 690,
        "netIncome": -445260,
        "period": "2021A",
        "fPeriodEndDate": 44377,
        "curCode": "AUD"
      },
      {
        "revenue": 3770,
        "netIncome": -7846200,
        "period": "2020A",
        "fPeriodEndDate": 44012,
        "curCode": "AUD"
      },
      {
        "revenue": 312180,
        "netIncome": -877330,
        "period": "2019A",
        "fPeriodEndDate": 43646,
        "curCode": "AUD"
      }
    ]
  },
  {
    "symbol": "NGY",
    "displayName": "NUENERGY GAS LIMITED",
    "industry": "Energy",
    "dateListed": "1987-01-15",
    "marketCap": 48871531,
    "xid": "26323613",
    "priceChangeFiveDayPercent": 50.000000000000014,
    "isRecentListing": false,
    "priceAsk": 0.038,
    "priceBid": 0.031,
    "priceChange": 0.0030000000000000027,
    "priceChangePercent": 9.090909090909099,
    "priceLast": 0.036000000000000004,
    "sector": "Energy",
    "industryGroup": "Energy",
    "securityType": 1,
    "volume": 1206012,
    "statusCode": "",
    "isin": "AU000000NGY3",
    "priceClose": 0.033,
    "priceDayHigh": 0.036000000000000004,
    "priceDayLow": 0.033,
    "priceFiftyTwoWeekHigh": 0.036000000000000004,
    "priceFiftyTwoWeekLow": 0.012,
    "volumeAverage": 315930.853659,
    "cashFlow": -1.47482,
    "earningsPerShare": -0.00129,
    "freeCashFlowYield": -0.0000100000010000001,
    "priceEarningsRatio": -99999.99,
    "priceToCash": -99999.99,
    "foreignExempt": false,
    "shareDescription": "Ordinary Fully Paid",
    "numOfShares": 1480955497,
    "yieldAnnual": 0,
    "incomeStatement": [
      {
        "revenue": 0,
        "netIncome": -1905200,
        "period": "2022A",
        "fPeriodEndDate": 44742,
        "curCode": "AUD"
      },
      {
        "revenue": 0,
        "netIncome": 6657440,
        "period": "2021A",
        "fPeriodEndDate": 44377,
        "curCode": "AUD"
      },
      {
        "revenue": 0,
        "netIncome": -2282030,
        "period": "2020A",
        "fPeriodEndDate": 44012,
        "curCode": "AUD"
      },
      {
        "revenue": 0,
        "netIncome": -17014410,
        "period": "2019A",
        "fPeriodEndDate": 43646,
        "curCode": "AUD"
      }
    ]
  },
  {
    "symbol": "OXX",
    "displayName": "OCTANEX LIMITED",
    "industry": "Energy",
    "dateListed": "2009-11-06",
    "marketCap": 1812844,
    "xid": "21539580",
    "priceChangeFiveDayPercent": 16.666666666666668,
    "isRecentListing": false,
    "priceAsk": 0.01,
    "priceBid": 0.006,
    "priceChange": 0,
    "priceChangePercent": 0,
    "priceLast": 0.007,
    "sector": "Energy",
    "industryGroup": "Energy",
    "securityType": 1,
    "volume": 0,
    "statusCode": "",
    "isin": "AU000000OXX8",
    "priceClose": 0.007,
    "priceFiftyTwoWeekHigh": 0.031,
    "priceFiftyTwoWeekLow": 0.003,
    "volumeAverage": 191632.233333,
    "dateExDate": "2011-11-23",
    "datePayDate": "2011-12-12",
    "dateRecordDate": "2011-11-28",
    "dividend": 0.04,
    "dividendType": "I",
    "frankingPercent": 100,
    "cashFlow": -0.9085,
    "earningsPerShare": -0.02334,
    "freeCashFlowYield": -0.0000100000010000001,
    "priceEarningsRatio": -99999.99,
    "priceToCash": -99999.99,
    "foreignExempt": false,
    "shareDescription": "Ordinary Fully Paid",
    "numOfShares": 258977686,
    "yieldAnnual": 0,
    "incomeStatement": [
      {
        "revenue": 40,
        "netIncome": -6043460,
        "period": "2022A",
        "fPeriodEndDate": 44742,
        "curCode": "AUD"
      },
      {
        "revenue": 220,
        "netIncome": -300200,
        "period": "2021A",
        "fPeriodEndDate": 44377,
        "curCode": "AUD"
      },
      {
        "revenue": 6660,
        "netIncome": -5264730,
        "period": "2020A",
        "fPeriodEndDate": 44012,
        "curCode": "AUD"
      },
      {
        "revenue": 4800,
        "netIncome": -4264320,
        "period": "2019A",
        "fPeriodEndDate": 43646,
        "curCode": "AUD"
      }
    ]
  },
  {
    "symbol": "OMA",
    "displayName": "OMEGA OIL & GAS LIMITED",
    "industry": "Energy",
    "dateListed": "2022-10-25",
    "marketCap": 23629894,
    "xid": "753054106",
    "priceChangeFiveDayPercent": 0,
    "isRecentListing": true,
    "priceAsk": 0.18,
    "priceBid": 0.15,
    "priceChange": 0,
    "priceChangePercent": 0,
    "priceLast": 0.17,
    "sector": "Energy",
    "industryGroup": "Energy",
    "securityType": 1,
    "volume": 14892,
    "statusCode": "",
    "isin": "AU0000237729",
    "priceClose": 0.17,
    "priceDayHigh": 0.17,
    "priceDayLow": 0.17,
    "priceFiftyTwoWeekHigh": 0.2,
    "priceFiftyTwoWeekLow": 0.1375,
    "cashFlow": -3.45357,
    "earningsPerShare": -0.01447,
    "freeCashFlowYield": -0.0000100000010000001,
    "priceEarningsRatio": -99999.99,
    "priceToCash": -99999.99,
    "foreignExempt": false,
    "shareDescription": "Ordinary Fully Paid",
    "numOfShares": 138999375,
    "yieldAnnual": 0,
    "incomeStatement": [
      {
        "revenue": 0,
        "netIncome": -2005510,
        "period": "2022A",
        "fPeriodEndDate": 44742,
        "curCode": "AUD"
      },
      {
        "revenue": 0,
        "netIncome": -1571120,
        "period": "2021A",
        "fPeriodEndDate": 44377,
        "curCode": "AUD"
      }
    ]
  },
  {
    "symbol": "ORG",
    "displayName": "ORIGIN ENERGY LIMITED",
    "industry": "Energy",
    "dateListed": "1961-07-13",
    "marketCap": 13334066974,
    "xid": "222939",
    "priceChangeFiveDayPercent": 0.2607561929595888,
    "isRecentListing": false,
    "priceAsk": 7.71,
    "priceBid": 7.68,
    "priceChange": -0.04999999999999982,
    "priceChangePercent": -0.6459948320413413,
    "priceLast": 7.69,
    "sector": "Utilities",
    "industryGroup": "Utilities",
    "securityType": 1,
    "volume": 2149417,
    "statusCode": "",
    "isin": "AU000000ORG5",
    "priceClose": 7.74,
    "priceDayHigh": 7.74,
    "priceDayLow": 7.65,
    "priceFiftyTwoWeekHigh": 8.15,
    "priceFiftyTwoWeekLow": 5.13,
    "volumeAverage": 6773382.582418,
    "dateExDate": "2022-09-06",
    "datePayDate": "2022-09-30",
    "dateRecordDate": "2022-09-07",
    "dividend": 0.165,
    "dividendType": "F",
    "frankingPercent": 75,
    "cashFlow": -118,
    "earningsPerShare": -0.81683,
    "freeCashFlowYield": -0.0000100000010000001,
    "priceEarningsRatio": -99999.99,
    "priceToCash": -99999.99,
    "foreignExempt": false,
    "shareDescription": "Ordinary Fully Paid",
    "numOfShares": 1722747671,
    "yieldAnnual": 3.771131339401821,
    "incomeStatement": [
      {
        "revenue": 14461000000,
        "netIncome": -1429000000,
        "period": "2022A",
        "fPeriodEndDate": 44742,
        "curCode": "AUD"
      },
      {
        "revenue": 12097000000,
        "netIncome": -2281000000,
        "period": "2021A",
        "fPeriodEndDate": 44377,
        "curCode": "AUD"
      },
      {
        "revenue": 13157000000,
        "netIncome": 83000000,
        "period": "2020A",
        "fPeriodEndDate": 44012,
        "curCode": "AUD"
      },
      {
        "revenue": 14727000000,
        "netIncome": 1211000000,
        "period": "2019A",
        "fPeriodEndDate": 43646,
        "curCode": "AUD"
      }
    ]
  },
  {
    "symbol": "OEL",
    "displayName": "OTTO ENERGY LIMITED",
    "industry": "Energy",
    "dateListed": "2004-12-22",
    "marketCap": 62335127,
    "xid": "220825",
    "priceChangeFiveDayPercent": -3.7037037037036944,
    "isRecentListing": false,
    "priceAsk": 0.014,
    "priceBid": 0.013000000000000001,
    "priceChange": 0,
    "priceChangePercent": 0,
    "priceLast": 0.013000000000000001,
    "sector": "Energy",
    "industryGroup": "Energy",
    "securityType": 1,
    "volume": 0,
    "statusCode": "",
    "isin": "AU000000OEL3",
    "priceClose": 0.013000000000000001,
    "priceFiftyTwoWeekHigh": 0.019,
    "priceFiftyTwoWeekLow": 0.0105,
    "volumeAverage": 3727870.988372,
    "dateExDate": "2015-06-12",
    "datePayDate": "2015-06-26",
    "dateRecordDate": "2015-06-16",
    "dividend": 0.0076,
    "dividendType": "I",
    "frankingPercent": 0,
    "cashFlow": 21.4682,
    "earningsPerShare": 0.00479,
    "freeCashFlowYield": 0.49147052896973037,
    "priceEarningsRatio": 2.71669,
    "priceToCash": 2.03471,
    "foreignExempt": false,
    "shareDescription": "Ordinary Fully Paid",
    "numOfShares": 4795009773,
    "yieldAnnual": 0,
    "incomeStatement": [
      {
        "revenue": 40565000,
        "netIncome": 15514000,
        "period": "2022A",
        "fPeriodEndDate": 44742,
        "curCode": "USD"
      },
      {
        "revenue": 30138000,
        "netIncome": -450000,
        "period": "2021A",
        "fPeriodEndDate": 44377,
        "curCode": "USD"
      },
      {
        "revenue": 23096000,
        "netIncome": -1358000,
        "period": "2020A",
        "fPeriodEndDate": 44012,
        "curCode": "USD"
      },
      {
        "revenue": 31415000,
        "netIncome": -18409000,
        "period": "2019A",
        "fPeriodEndDate": 43646,
        "curCode": "USD"
      }
    ]
  },
  {
    "symbol": "PDN",
    "displayName": "PALADIN ENERGY LTD",
    "industry": "Energy",
    "dateListed": "1994-03-29",
    "marketCap": 2056179873,
    "xid": "226966",
    "priceChangeFiveDayPercent": -4.895104895104884,
    "isRecentListing": false,
    "priceAsk": 0.68,
    "priceBid": 0.675,
    "priceChange": -0.010000000000000009,
    "priceChangePercent": -1.4492753623188417,
    "priceLast": 0.68,
    "sector": "Energy",
    "industryGroup": "Energy",
    "securityType": 1,
    "volume": 4715841,
    "statusCode": "",
    "isin": "AU000000PDN8",
    "priceClose": 0.6900000000000001,
    "priceDayHigh": 0.6900000000000001,
    "priceDayLow": 0.67,
    "priceFiftyTwoWeekHigh": 0.97,
    "priceFiftyTwoWeekLow": 0.5325,
    "volumeAverage": 14113403.230769,
    "cashFlow": -11.85759,
    "earningsPerShare": -0.01421,
    "freeCashFlowYield": -0.0000100000010000001,
    "priceEarningsRatio": -99999.99,
    "priceToCash": -99999.99,
    "foreignExempt": false,
    "shareDescription": "Ordinary Fully Paid",
    "numOfShares": 2979970830,
    "yieldAnnual": 0,
    "incomeStatement": [
      {
        "revenue": 4700000,
        "netIncome": -26743000,
        "period": "2022A",
        "fPeriodEndDate": 44742,
        "curCode": "USD"
      },
      {
        "revenue": 2985000,
        "netIncome": -43983000,
        "period": "2021A",
        "fPeriodEndDate": 44377,
        "curCode": "USD"
      },
      {
        "revenue": 0,
        "netIncome": -79866000,
        "period": "2020A",
        "fPeriodEndDate": 44012,
        "curCode": "USD"
      },
      {
        "revenue": 21491000,
        "netIncome": -30345000,
        "period": "2019A",
        "fPeriodEndDate": 43646,
        "curCode": "USD"
      }
    ]
  },
  {
    "symbol": "PCL",
    "displayName": "PANCONTINENTAL ENERGY NL",
    "industry": "Energy",
    "dateListed": "1986-09-11",
    "marketCap": 60433782,
    "xid": "226315",
    "priceChangeFiveDayPercent": -11.111111111111104,
    "isRecentListing": false,
    "priceAsk": 0.009000000000000001,
    "priceBid": 0.008,
    "priceChange": 0,
    "priceChangePercent": 0,
    "priceLast": 0.008,
    "sector": "Energy",
    "industryGroup": "Energy",
    "securityType": 1,
    "volume": 3302635,
    "statusCode": "",
    "isin": "AU000000PCL4",
    "priceClose": 0.008,
    "priceDayHigh": 0.009000000000000001,
    "priceDayLow": 0.008,
    "priceFiftyTwoWeekHigh": 0.013,
    "priceFiftyTwoWeekLow": 0.001,
    "volumeAverage": 13203992.021978,
    "cashFlow": -1.10433,
    "earningsPerShare": -0.00011,
    "freeCashFlowYield": -0.0000100000010000001,
    "priceEarningsRatio": -99999.99,
    "priceToCash": -99999.99,
    "foreignExempt": false,
    "shareDescription": "Ordinary Fully Paid",
    "numOfShares": 7554222810,
    "yieldAnnual": 0,
    "incomeStatement": [
      {
        "revenue": 0,
        "netIncome": -821680,
        "period": "2022A",
        "fPeriodEndDate": 44742,
        "curCode": "AUD"
      },
      {
        "revenue": 0,
        "netIncome": -788170,
        "period": "2021A",
        "fPeriodEndDate": 44377,
        "curCode": "AUD"
      },
      {
        "revenue": 0,
        "netIncome": -4463850,
        "period": "2020A",
        "fPeriodEndDate": 44012,
        "curCode": "AUD"
      },
      {
        "revenue": 0,
        "netIncome": -7016350,
        "period": "2019A",
        "fPeriodEndDate": 43646,
        "curCode": "AUD"
      }
    ]
  },
  {
    "symbol": "PEN",
    "displayName": "PENINSULA ENERGY LIMITED",
    "industry": "Energy",
    "dateListed": "1994-05-26",
    "marketCap": 163416501,
    "xid": "227465",
    "priceChangeFiveDayPercent": -3.8461538461538494,
    "isRecentListing": false,
    "priceAsk": 0.13,
    "priceBid": 0.125,
    "priceChange": -0.0050000000000000044,
    "priceChangePercent": -3.8461538461538494,
    "priceLast": 0.125,
    "sector": "Energy",
    "industryGroup": "Energy",
    "securityType": 1,
    "volume": 1786985,
    "statusCode": "",
    "isin": "AU000000PEN6",
    "priceClose": 0.13,
    "priceDayHigh": 0.13,
    "priceDayLow": 0.12,
    "priceFiftyTwoWeekHigh": 0.285,
    "priceFiftyTwoWeekLow": 0.12,
    "volumeAverage": 3298675.177778,
    "cashFlow": 1.51731,
    "earningsPerShare": -0.00718,
    "freeCashFlowYield": -0.0000100000010000001,
    "priceEarningsRatio": -99999.99,
    "priceToCash": -99999.99,
    "foreignExempt": false,
    "shareDescription": "Ordinary Fully Paid",
    "numOfShares": 1257050004,
    "yieldAnnual": 0,
    "incomeStatement": [
      {
        "revenue": 18304000,
        "netIncome": -4635000,
        "period": "2022A",
        "fPeriodEndDate": 44742,
        "curCode": "USD"
      },
      {
        "revenue": 9780000,
        "netIncome": -1432000,
        "period": "2021A",
        "fPeriodEndDate": 44377,
        "curCode": "USD"
      },
      {
        "revenue": 6112000,
        "netIncome": -7639000,
        "period": "2020A",
        "fPeriodEndDate": 44012,
        "curCode": "USD"
      },
      {
        "revenue": 6767000,
        "netIncome": -42521000,
        "period": "2019A",
        "fPeriodEndDate": 43646,
        "curCode": "USD"
      }
    ]
  },
  {
    "symbol": "PGY",
    "displayName": "PILOT ENERGY LIMITED",
    "industry": "Energy",
    "dateListed": "2006-04-20",
    "marketCap": 11720161,
    "xid": "4610813",
    "priceChangeFiveDayPercent": 7.142857142857137,
    "isRecentListing": false,
    "priceAsk": 0.015,
    "priceBid": 0.014,
    "priceChange": 0,
    "priceChangePercent": 0,
    "priceLast": 0.015,
    "sector": "Energy",
    "industryGroup": "Energy",
    "securityType": 1,
    "volume": 35000,
    "statusCode": "",
    "isin": "AU000000PGY8",
    "priceClose": 0.015,
    "priceDayHigh": 0.015,
    "priceDayLow": 0.015,
    "priceFiftyTwoWeekHigh": 0.063,
    "priceFiftyTwoWeekLow": 0.014,
    "volumeAverage": 1487100.701149,
    "cashFlow": -3.97389,
    "earningsPerShare": -0.00509,
    "freeCashFlowYield": -0.0000100000010000001,
    "priceEarningsRatio": -99999.99,
    "priceToCash": -99999.99,
    "foreignExempt": false,
    "shareDescription": "Ordinary Fully Paid",
    "numOfShares": 781344083,
    "yieldAnnual": 0,
    "incomeStatement": [
      {
        "revenue": 425760,
        "netIncome": -2709820,
        "period": "2022A",
        "fPeriodEndDate": 44834,
        "curCode": "AUD"
      },
      {
        "revenue": 313150,
        "netIncome": -3828790,
        "period": "2021A",
        "fPeriodEndDate": 44469,
        "curCode": "AUD"
      },
      {
        "revenue": 355610,
        "netIncome": -889390,
        "period": "2020A",
        "fPeriodEndDate": 44104,
        "curCode": "AUD"
      },
      {
        "revenue": 321550,
        "netIncome": -661640,
        "period": "2019A",
        "fPeriodEndDate": 43738,
        "curCode": "AUD"
      }
    ]
  },
  {
    "symbol": "PVE",
    "displayName": "PO VALLEY ENERGY LIMITED",
    "industry": "Energy",
    "dateListed": "2004-12-14",
    "marketCap": 71359621,
    "xid": "236079",
    "priceChangeFiveDayPercent": -1.5873015873015888,
    "isRecentListing": false,
    "priceAsk": 0.063,
    "priceBid": 0.062,
    "priceChange": 0,
    "priceChangePercent": 0,
    "priceLast": 0.062,
    "sector": "Energy",
    "industryGroup": "Energy",
    "securityType": 1,
    "volume": 209100,
    "statusCode": "",
    "isin": "AU000000PVE9",
    "priceClose": 0.062,
    "priceDayHigh": 0.063,
    "priceDayLow": 0.062,
    "priceFiftyTwoWeekHigh": 0.085,
    "priceFiftyTwoWeekLow": 0.022,
    "volumeAverage": 866632.741573,
    "cashFlow": -2.4539,
    "earningsPerShare": -0.00139,
    "freeCashFlowYield": -0.0000100000010000001,
    "priceEarningsRatio": -99999.99,
    "priceToCash": -99999.99,
    "foreignExempt": false,
    "shareDescription": "Ordinary Fully Paid",
    "numOfShares": 1150961621,
    "yieldAnnual": 0,
    "incomeStatement": [
      {
        "revenue": 0,
        "netIncome": -595730,
        "period": "2021A",
        "fPeriodEndDate": 44561,
        "curCode": "EUR"
      },
      {
        "revenue": 0,
        "netIncome": -1035550,
        "period": "2020A",
        "fPeriodEndDate": 44196,
        "curCode": "EUR"
      },
      {
        "revenue": 0,
        "netIncome": -1504740,
        "period": "2019A",
        "fPeriodEndDate": 43830,
        "curCode": "EUR"
      },
      {
        "revenue": 0,
        "netIncome": 2780060,
        "period": "2018A",
        "fPeriodEndDate": 43465,
        "curCode": "EUR"
      }
    ]
  },
  {
    "symbol": "PRM",
    "displayName": "PROMINENCE ENERGY LIMITED",
    "industry": "Energy",
    "dateListed": "1992-01-23",
    "marketCap": 3636913,
    "xid": "610099460",
    "priceChangeFiveDayPercent": 50,
    "isRecentListing": false,
    "priceAsk": 0.002,
    "priceBid": 0.001,
    "priceChange": 0,
    "priceChangePercent": 0,
    "priceLast": 0.0015,
    "sector": "Energy",
    "industryGroup": "Energy",
    "securityType": 1,
    "volume": 0,
    "statusCode": "",
    "isin": "AU0000070328",
    "priceClose": 0.0015,
    "priceFiftyTwoWeekHigh": 0.0145,
    "priceFiftyTwoWeekLow": 0.001,
    "volumeAverage": 2520365.569231,
    "cashFlow": -12.2393,
    "earningsPerShare": -0.00571,
    "freeCashFlowYield": -0.0000100000010000001,
    "priceEarningsRatio": -99999.99,
    "priceToCash": -99999.99,
    "foreignExempt": false,
    "shareDescription": "Ordinary Fully Paid",
    "numOfShares": 2424608819,
    "yieldAnnual": 0,
    "incomeStatement": [
      {
        "revenue": 220500,
        "netIncome": -10715130,
        "period": "2022A",
        "fPeriodEndDate": 44742,
        "curCode": "AUD"
      },
      {
        "revenue": 41970,
        "netIncome": 1205630,
        "period": "2021A",
        "fPeriodEndDate": 44377,
        "curCode": "AUD"
      },
      {
        "revenue": 35860,
        "netIncome": -1036380,
        "period": "2020A",
        "fPeriodEndDate": 44012,
        "curCode": "AUD"
      },
      {
        "revenue": 76650,
        "netIncome": -1066570,
        "period": "2019A",
        "fPeriodEndDate": 43646,
        "curCode": "AUD"
      }
    ]
  },
  {
    "symbol": "PV1",
    "displayName": "PROVARIS ENERGY LTD",
    "industry": "Energy",
    "dateListed": "2005-03-21",
    "marketCap": 24672621,
    "xid": "1454693",
    "priceChangeFiveDayPercent": 0,
    "isRecentListing": false,
    "priceAsk": 0.047,
    "priceBid": 0.045,
    "priceChange": 0.0010000000000000009,
    "priceChangePercent": 2.222222222222224,
    "priceLast": 0.046,
    "sector": "Energy",
    "industryGroup": "Energy",
    "securityType": 1,
    "volume": 14742,
    "statusCode": "",
    "isin": "AU0000222002",
    "priceClose": 0.045,
    "priceDayHigh": 0.046,
    "priceDayLow": 0.046,
    "priceFiftyTwoWeekHigh": 0.12,
    "priceFiftyTwoWeekLow": 0.038,
    "volumeAverage": 606599.766667,
    "cashFlow": -4.80688,
    "earningsPerShare": -0.01307,
    "freeCashFlowYield": -0.0000100000010000001,
    "priceEarningsRatio": -99999.99,
    "priceToCash": -99999.99,
    "foreignExempt": false,
    "shareDescription": "Ordinary Fully Paid",
    "numOfShares": 548280465,
    "yieldAnnual": 0,
    "incomeStatement": [
      {
        "revenue": 22630,
        "netIncome": -6757610,
        "period": "2022A",
        "fPeriodEndDate": 44742,
        "curCode": "AUD"
      },
      {
        "revenue": 700,
        "netIncome": -3088130,
        "period": "2021A",
        "fPeriodEndDate": 44377,
        "curCode": "AUD"
      },
      {
        "revenue": 3550,
        "netIncome": -2881580,
        "period": "2020A",
        "fPeriodEndDate": 44012,
        "curCode": "AUD"
      },
      {
        "revenue": 8510,
        "netIncome": -8883860,
        "period": "2019A",
        "fPeriodEndDate": 43646,
        "curCode": "AUD"
      }
    ]
  },
  {
    "symbol": "PH2",
    "displayName": "PURE HYDROGEN CORPORATION LIMITED",
    "industry": "Energy",
    "dateListed": "2013-03-12",
    "marketCap": 56346609,
    "xid": "55971645",
    "priceChangeFiveDayPercent": -3.030303030303033,
    "isRecentListing": false,
    "priceAsk": 0.17,
    "priceBid": 0.16,
    "priceChange": 0,
    "priceChangePercent": 0,
    "priceLast": 0.16,
    "sector": "Energy",
    "industryGroup": "Energy",
    "securityType": 1,
    "volume": 333651,
    "statusCode": "RE",
    "isin": "AU0000138190",
    "priceClose": 0.16,
    "priceDayHigh": 0.17,
    "priceDayLow": 0.16,
    "priceFiftyTwoWeekHigh": 0.58,
    "priceFiftyTwoWeekLow": 0.16,
    "volumeAverage": 646893.978022,
    "cashFlow": -1.60452,
    "earningsPerShare": -0.00502,
    "freeCashFlowYield": -0.0000100000010000001,
    "priceEarningsRatio": -99999.99,
    "priceToCash": -99999.99,
    "foreignExempt": false,
    "shareDescription": "Ordinary Fully Paid",
    "numOfShares": 352166305,
    "yieldAnnual": 0,
    "incomeStatement": [
      {
        "revenue": 43000,
        "netIncome": -2510000,
        "period": "2022A",
        "fPeriodEndDate": 44742,
        "curCode": "AUD"
      },
      {
        "revenue": 8000,
        "netIncome": -2850000,
        "period": "2021A",
        "fPeriodEndDate": 44377,
        "curCode": "AUD"
      },
      {
        "revenue": 9550,
        "netIncome": -1740150,
        "period": "2020A",
        "fPeriodEndDate": 44012,
        "curCode": "AUD"
      },
      {
        "revenue": 47260,
        "netIncome": -15689200,
        "period": "2019A",
        "fPeriodEndDate": 43646,
        "curCode": "AUD"
      }
    ]
  },
  {
    "symbol": "ROG",
    "displayName": "RED SKY ENERGY LIMITED.",
    "industry": "Energy",
    "dateListed": "2007-05-23",
    "marketCap": 26511136,
    "xid": "7402564",
    "priceChangeFiveDayPercent": 0,
    "isRecentListing": false,
    "priceAsk": 0.005,
    "priceBid": 0.004,
    "priceChange": 0,
    "priceChangePercent": 0,
    "priceLast": 0.005,
    "sector": "Energy",
    "industryGroup": "Energy",
    "securityType": 1,
    "volume": 25000,
    "statusCode": "",
    "isin": "AU000000ROG5",
    "priceClose": 0.005,
    "priceDayHigh": 0.005,
    "priceDayLow": 0.005,
    "priceFiftyTwoWeekHigh": 0.009,
    "priceFiftyTwoWeekLow": 0.004,
    "volumeAverage": 7982663.797753,
    "cashFlow": -2.70958,
    "earningsPerShare": -0.00038,
    "freeCashFlowYield": -0.0000100000010000001,
    "priceEarningsRatio": -99999.99,
    "priceToCash": -99999.99,
    "foreignExempt": false,
    "shareDescription": "Ordinary Fully Paid",
    "numOfShares": 5302227197,
    "yieldAnnual": 0,
    "incomeStatement": [
      {
        "revenue": 5420,
        "netIncome": -1512350,
        "period": "2021A",
        "fPeriodEndDate": 44561,
        "curCode": "AUD"
      },
      {
        "revenue": 340,
        "netIncome": -1779120,
        "period": "2020A",
        "fPeriodEndDate": 44196,
        "curCode": "AUD"
      },
      {
        "revenue": 110,
        "netIncome": -1723810,
        "period": "2019A",
        "fPeriodEndDate": 43830,
        "curCode": "AUD"
      },
      {
        "revenue": 2420,
        "netIncome": -1156290,
        "period": "2018A",
        "fPeriodEndDate": 43465,
        "curCode": "AUD"
      }
    ]
  },
  {
    "symbol": "RNU",
    "displayName": "RENASCOR RESOURCES LIMITED",
    "industry": "Energy",
    "dateListed": "2010-12-15",
    "marketCap": 497201643,
    "xid": "27553927",
    "priceChangeFiveDayPercent": -2.38095238095237,
    "isRecentListing": false,
    "priceAsk": 0.21,
    "priceBid": 0.2,
    "priceChange": 0.0050000000000000044,
    "priceChangePercent": 2.500000000000002,
    "priceLast": 0.20500000000000002,
    "sector": "Energy",
    "industryGroup": "Energy",
    "securityType": 1,
    "volume": 6387796,
    "statusCode": "",
    "isin": "AU000000RNU8",
    "priceClose": 0.2,
    "priceDayHigh": 0.21,
    "priceDayLow": 0.2,
    "priceFiftyTwoWeekHigh": 0.38,
    "priceFiftyTwoWeekLow": 0.12,
    "volumeAverage": 11031494.808989,
    "cashFlow": -5.57149,
    "earningsPerShare": -0.0008,
    "freeCashFlowYield": -0.0000100000010000001,
    "priceEarningsRatio": -99999.99,
    "priceToCash": -99999.99,
    "foreignExempt": false,
    "shareDescription": "Ordinary Fully Paid",
    "numOfShares": 2486008216,
    "yieldAnnual": 0,
    "incomeStatement": [
      {
        "revenue": 6090,
        "netIncome": -1496640,
        "period": "2022A",
        "fPeriodEndDate": 44742,
        "curCode": "AUD"
      },
      {
        "revenue": 3780,
        "netIncome": -877230,
        "period": "2021A",
        "fPeriodEndDate": 44377,
        "curCode": "AUD"
      },
      {
        "revenue": 19600,
        "netIncome": -1072580,
        "period": "2020A",
        "fPeriodEndDate": 44012,
        "curCode": "AUD"
      },
      {
        "revenue": 94820,
        "netIncome": -1321560,
        "period": "2019A",
        "fPeriodEndDate": 43646,
        "curCode": "AUD"
      }
    ]
  },
  {
    "symbol": "RNUNA",
    "displayName": "RENASCOR RESOURCES LIMITED",
    "industry": "Energy",
    "dateListed": "2010-12-15",
    "marketCap": 497201643,
    "xid": "774098010",
    "priceChangeFiveDayPercent": 0,
    "isRecentListing": false,
    "priceChange": 0,
    "priceChangePercent": 0,
    "priceLast": 0,
    "sector": "Energy",
    "industryGroup": "Energy",
    "securityType": 1,
    "volume": 0,
    "statusCode": "",
    "isin": "AU0000259442",
    "priceClose": 0,
    "priceFiftyTwoWeekHigh": 0,
    "priceFiftyTwoWeekLow": 0,
    "cashFlow": -5.57149,
    "earningsPerShare": -0.0008,
    "freeCashFlowYield": -0.0000100000010000001,
    "priceEarningsRatio": -99999.99,
    "priceToCash": -99999.99,
    "foreignExempt": false,
    "shareDescription": "Ordinary Fully Paid Ex Option Deferred",
    "numOfShares": 2486008216,
    "yieldAnnual": -32768,
    "incomeStatement": [
      {
        "revenue": 6090,
        "netIncome": -1496640,
        "period": "2022A",
        "fPeriodEndDate": 44742,
        "curCode": "AUD"
      },
      {
        "revenue": 3780,
        "netIncome": -877230,
        "period": "2021A",
        "fPeriodEndDate": 44377,
        "curCode": "AUD"
      },
      {
        "revenue": 19600,
        "netIncome": -1072580,
        "period": "2020A",
        "fPeriodEndDate": 44012,
        "curCode": "AUD"
      },
      {
        "revenue": 94820,
        "netIncome": -1321560,
        "period": "2019A",
        "fPeriodEndDate": 43646,
        "curCode": "AUD"
      }
    ]
  },
  {
    "symbol": "RLT",
    "displayName": "RENERGEN LIMITED",
    "industry": "Energy",
    "dateListed": "2019-06-06",
    "marketCap": 261747557,
    "xid": "537694132",
    "priceChangeFiveDayPercent": -0.9975062344139549,
    "isRecentListing": false,
    "priceAsk": 2,
    "priceBid": 1.95,
    "priceChange": 0.025000000000000133,
    "priceChangePercent": 1.2755102040816395,
    "priceLast": 1.985,
    "sector": "Energy",
    "industryGroup": "Energy",
    "securityType": 1,
    "volume": 117760,
    "statusCode": "",
    "isin": "AU0000046732",
    "priceClose": 1.96,
    "priceDayHigh": 1.99,
    "priceDayLow": 1.955,
    "priceFiftyTwoWeekHigh": 4.09,
    "priceFiftyTwoWeekLow": 1.905,
    "volumeAverage": 75476.322222,
    "cashFlow": -527.167,
    "earningsPerShare": -0.26247,
    "freeCashFlowYield": -0.0000100000010000001,
    "priceEarningsRatio": -99999.99,
    "priceToCash": -99999.99,
    "foreignExempt": false,
    "shareDescription": "Chess Depositary Interests 1:1",
    "numOfShares": 133544672,
    "yieldAnnual": 0,
    "incomeStatement": [
      {
        "revenue": 2637000,
        "netIncome": -33750000,
        "period": "2022A",
        "fPeriodEndDate": 44620,
        "curCode": "ZAR"
      },
      {
        "revenue": 1925000,
        "netIncome": -42620000,
        "period": "2021A",
        "fPeriodEndDate": 44255,
        "curCode": "ZAR"
      },
      {
        "revenue": 2635000,
        "netIncome": -52619000,
        "period": "2020A",
        "fPeriodEndDate": 43890,
        "curCode": "ZAR"
      },
      {
        "revenue": 2987000,
        "netIncome": -40860000,
        "period": "2019A",
        "fPeriodEndDate": 43524,
        "curCode": "ZAR"
      }
    ]
  },
  {
    "symbol": "REY",
    "displayName": "REY RESOURCES LIMITED",
    "industry": "Energy",
    "dateListed": "2006-06-05",
    "marketCap": 38146957,
    "xid": "3137371",
    "priceChangeFiveDayPercent": 0,
    "isRecentListing": false,
    "priceAsk": 0.135,
    "priceBid": 0.051000000000000004,
    "priceChange": 0,
    "priceChangePercent": 0,
    "priceLast": 0.18,
    "sector": "Energy",
    "industryGroup": "Energy",
    "securityType": 1,
    "volume": 0,
    "statusCode": "",
    "isin": "AU000000REY9",
    "priceClose": 0.18,
    "priceFiftyTwoWeekHigh": 0.285,
    "priceFiftyTwoWeekLow": 0.12,
    "volumeAverage": 5149.727273,
    "cashFlow": -1.232,
    "earningsPerShare": -0.00849,
    "freeCashFlowYield": -0.0000100000010000001,
    "priceEarningsRatio": -99999.99,
    "priceToCash": -99999.99,
    "foreignExempt": false,
    "shareDescription": "Ordinary Fully Paid",
    "numOfShares": 211927539,
    "yieldAnnual": 0,
    "incomeStatement": [
      {
        "revenue": 0,
        "netIncome": -1798000,
        "period": "2022A",
        "fPeriodEndDate": 44742,
        "curCode": "AUD"
      },
      {
        "revenue": 0,
        "netIncome": -1323000,
        "period": "2021A",
        "fPeriodEndDate": 44377,
        "curCode": "AUD"
      },
      {
        "revenue": 0,
        "netIncome": -1880000,
        "period": "2020A",
        "fPeriodEndDate": 44012,
        "curCode": "AUD"
      },
      {
        "revenue": 0,
        "netIncome": -8923000,
        "period": "2019A",
        "fPeriodEndDate": 43646,
        "curCode": "AUD"
      }
    ]
  },
  {
    "symbol": "SGC",
    "displayName": "SACGASCO LIMITED",
    "industry": "Energy",
    "dateListed": "2005-10-11",
    "marketCap": 7945352,
    "xid": "3347786",
    "priceChangeFiveDayPercent": 1.3344026738283132e-14,
    "isRecentListing": false,
    "priceAsk": 0.014,
    "priceBid": 0.013000000000000001,
    "priceChange": 0,
    "priceChangePercent": 0,
    "priceLast": 0.013000000000000001,
    "sector": "Energy",
    "industryGroup": "Energy",
    "securityType": 1,
    "volume": 0,
    "statusCode": "",
    "isin": "AU000000SGC8",
    "priceClose": 0.013000000000000001,
    "priceFiftyTwoWeekHigh": 0.035,
    "priceFiftyTwoWeekLow": 0.013,
    "volumeAverage": 685797.391892,
    "cashFlow": -0.58401,
    "earningsPerShare": -0.01687,
    "freeCashFlowYield": -0.0000100000010000001,
    "priceEarningsRatio": -99999.99,
    "priceToCash": -99999.99,
    "foreignExempt": false,
    "shareDescription": "Ordinary Fully Paid",
    "numOfShares": 611180909,
    "yieldAnnual": 0,
    "incomeStatement": [
      {
        "revenue": 8906270,
        "netIncome": -10681640,
        "period": "2021A",
        "fPeriodEndDate": 44561,
        "curCode": "AUD"
      },
      {
        "revenue": 437160,
        "netIncome": -1734220,
        "period": "2020A",
        "fPeriodEndDate": 44196,
        "curCode": "AUD"
      },
      {
        "revenue": 782240,
        "netIncome": -1316440,
        "period": "2019A",
        "fPeriodEndDate": 43830,
        "curCode": "AUD"
      },
      {
        "revenue": 1250990,
        "netIncome": -1974370,
        "period": "2018A",
        "fPeriodEndDate": 43465,
        "curCode": "AUD"
      }
    ]
  },
  {
    "symbol": "SAN",
    "displayName": "SAGALIO ENERGY LIMITED",
    "industry": "Energy",
    "dateListed": "2011-12-15",
    "marketCap": 2660582,
    "xid": "39706376",
    "priceChangeFiveDayPercent": 0,
    "isRecentListing": false,
    "priceAsk": 0.03,
    "priceBid": 0.013000000000000001,
    "priceChange": 0,
    "priceChangePercent": 0,
    "priceLast": 0.013000000000000001,
    "sector": "Energy",
    "industryGroup": "Energy",
    "securityType": 1,
    "volume": 0,
    "statusCode": "",
    "isin": "BMG777791093",
    "priceClose": 0.013000000000000001,
    "priceFiftyTwoWeekHigh": 0.035,
    "priceFiftyTwoWeekLow": 0.011,
    "volumeAverage": 103698,
    "cashFlow": 0.20211,
    "earningsPerShare": -0.00158,
    "freeCashFlowYield": -0.0000100000010000001,
    "priceEarningsRatio": -99999.99,
    "priceToCash": -99999.99,
    "foreignExempt": false,
    "shareDescription": "Ordinary Fully Paid",
    "numOfShares": 204660130,
    "yieldAnnual": 0,
    "incomeStatement": [
      {
        "revenue": 637000,
        "netIncome": -216000,
        "period": "2022A",
        "fPeriodEndDate": 44742,
        "curCode": "USD"
      },
      {
        "revenue": 0,
        "netIncome": -480000,
        "period": "2021A",
        "fPeriodEndDate": 44377,
        "curCode": "USD"
      },
      {
        "revenue": 0,
        "netIncome": -1017000,
        "period": "2020A",
        "fPeriodEndDate": 44012,
        "curCode": "USD"
      },
      {
        "revenue": 0,
        "netIncome": -706000,
        "period": "2019A",
        "fPeriodEndDate": 43646,
        "curCode": "USD"
      }
    ]
  },
  {
    "symbol": "STO",
    "displayName": "SANTOS LIMITED",
    "industry": "Energy",
    "dateListed": "1954-10-01",
    "marketCap": 24452145712,
    "xid": "261429",
    "priceChangeFiveDayPercent": -3.00957592339261,
    "isRecentListing": false,
    "priceAsk": 7.13,
    "priceBid": 7.08,
    "priceChange": -0.29000000000000004,
    "priceChangePercent": -3.9295392953929547,
    "priceLast": 7.09,
    "sector": "Energy",
    "industryGroup": "Energy",
    "securityType": 1,
    "volume": 9235968,
    "statusCode": "",
    "isin": "AU000000STO6",
    "priceClose": 7.38,
    "priceDayHigh": 7.275,
    "priceDayLow": 7.07,
    "priceFiftyTwoWeekHigh": 8.855,
    "priceFiftyTwoWeekLow": 6.31,
    "volumeAverage": 12365525.450549,
    "dateExDate": "2022-08-22",
    "datePayDate": "2022-09-22",
    "dateRecordDate": "2022-08-23",
    "dividend": 0.1093,
    "dividendType": "I",
    "frankingPercent": 0,
    "cashFlow": 2486.245,
    "earningsPerShare": 0.72129,
    "freeCashFlowYield": 0.17947102709474097,
    "priceEarningsRatio": 10.23162,
    "priceToCash": 5.57193,
    "foreignExempt": false,
    "shareDescription": "Ordinary Fully Paid",
    "numOfShares": 3313298877,
    "yieldAnnual": 3.205923836389281,
    "incomeStatement": [
      {
        "revenue": 4837000000,
        "netIncome": 658000000,
        "period": "2021A",
        "fPeriodEndDate": 44561,
        "curCode": "USD"
      },
      {
        "revenue": 3512000000,
        "netIncome": -357000000,
        "period": "2020A",
        "fPeriodEndDate": 44196,
        "curCode": "USD"
      },
      {
        "revenue": 4186000000,
        "netIncome": 674000000,
        "period": "2019A",
        "fPeriodEndDate": 43830,
        "curCode": "USD"
      },
      {
        "revenue": 3773000000,
        "netIncome": 630000000,
        "period": "2018A",
        "fPeriodEndDate": 43465,
        "curCode": "USD"
      }
    ]
  },
  {
    "symbol": "SRJ",
    "displayName": "SRJ TECHNOLOGIES GROUP PLC",
    "industry": "Energy",
    "dateListed": "2020-09-18",
    "marketCap": 11977396,
    "xid": "613373568",
    "priceChangeFiveDayPercent": -17.499999999999993,
    "isRecentListing": false,
    "priceAsk": 0.11,
    "priceBid": 0.098,
    "priceChange": 0.009000000000000008,
    "priceChangePercent": 10.000000000000009,
    "priceLast": 0.099,
    "sector": "Energy",
    "industryGroup": "Energy",
    "securityType": 1,
    "volume": 137657,
    "statusCode": "",
    "isin": "AU0000100695",
    "priceClose": 0.09,
    "priceDayHigh": 0.11,
    "priceDayLow": 0.098,
    "priceFiftyTwoWeekHigh": 0.21,
    "priceFiftyTwoWeekLow": 0.09,
    "volumeAverage": 336392.25,
    "cashFlow": -4.44719,
    "earningsPerShare": -0.0673,
    "freeCashFlowYield": -0.0000100000010000001,
    "priceEarningsRatio": -99999.99,
    "priceToCash": -99999.99,
    "foreignExempt": false,
    "shareDescription": "Chess Depositary Interests 1:1",
    "numOfShares": 133082177,
    "yieldAnnual": 0,
    "incomeStatement": [
      {
        "revenue": 323090,
        "netIncome": -4392000,
        "period": "2021A",
        "fPeriodEndDate": 44561,
        "curCode": "GBP"
      },
      {
        "revenue": 196930,
        "netIncome": -4143440,
        "period": "2020A",
        "fPeriodEndDate": 44196,
        "curCode": "GBP"
      },
      {
        "revenue": 552410,
        "netIncome": -781850,
        "period": "2019A",
        "fPeriodEndDate": 43830,
        "curCode": "GBP"
      },
      {
        "revenue": 84340,
        "netIncome": -1049190,
        "period": "2018A",
        "fPeriodEndDate": 43465,
        "curCode": "GBP"
      }
    ]
  },
  {
    "symbol": "SSH",
    "displayName": "SSH GROUP LTD",
    "industry": "Energy",
    "dateListed": "2021-09-17",
    "marketCap": 11117975,
    "xid": "673226413",
    "priceChangeFiveDayPercent": 0,
    "isRecentListing": false,
    "priceAsk": 0.195,
    "priceBid": 0.165,
    "priceChange": 0,
    "priceChangePercent": 0,
    "priceLast": 0.17,
    "sector": "Industrials",
    "industryGroup": "Commercial & Professional Services",
    "securityType": 1,
    "volume": 0,
    "statusCode": "",
    "isin": "AU0000168627",
    "priceClose": 0.17,
    "priceFiftyTwoWeekHigh": 0.29,
    "priceFiftyTwoWeekLow": 0.165,
    "volumeAverage": 50892.814815,
    "cashFlow": -16.23743,
    "earningsPerShare": -0.04723,
    "freeCashFlowYield": 58.89281507656066,
    "priceEarningsRatio": -99999.99,
    "priceToCash": 0.01698,
    "foreignExempt": false,
    "shareDescription": "Ordinary Fully Paid",
    "numOfShares": 65399853,
    "yieldAnnual": 0,
    "incomeStatement": [
      {
        "revenue": 96109940,
        "netIncome": -2597220,
        "period": "2022A",
        "fPeriodEndDate": 44742,
        "curCode": "AUD"
      },
      {
        "revenue": 70503450,
        "netIncome": 817350,
        "period": "2021A",
        "fPeriodEndDate": 44377,
        "curCode": "AUD"
      },
      {
        "revenue": 0,
        "netIncome": -680470,
        "period": "2020A",
        "fPeriodEndDate": 44012,
        "curCode": "AUD"
      },
      {
        "revenue": 0,
        "netIncome": 300090,
        "period": "2019A",
        "fPeriodEndDate": 43646,
        "curCode": "AUD"
      }
    ]
  },
  {
    "symbol": "SMR",
    "displayName": "STANMORE RESOURCES LIMITED",
    "industry": "Energy",
    "dateListed": "2009-12-09",
    "marketCap": 2650062192,
    "xid": "21702227",
    "priceChangeFiveDayPercent": -0.34364261168385674,
    "isRecentListing": false,
    "priceAsk": 2.99,
    "priceBid": 2.87,
    "priceChange": -0.040000000000000036,
    "priceChangePercent": -1.3605442176870761,
    "priceLast": 2.9,
    "sector": "Energy",
    "industryGroup": "Energy",
    "securityType": 1,
    "volume": 606728,
    "statusCode": "",
    "isin": "AU000000SMR4",
    "priceClose": 2.94,
    "priceDayHigh": 2.92,
    "priceDayLow": 2.86,
    "priceFiftyTwoWeekHigh": 3.205,
    "priceFiftyTwoWeekLow": 0.92516,
    "volumeAverage": 2011356.769231,
    "dateExDate": "2020-03-31",
    "datePayDate": "2020-04-30",
    "dateRecordDate": "2020-04-01",
    "dividend": 0.03,
    "dividendType": "I",
    "frankingPercent": 100,
    "cashFlow": 591.447,
    "earningsPerShare": 0.41135,
    "freeCashFlowYield": 0.1249895321266844,
    "priceEarningsRatio": 7.1472,
    "priceToCash": 8.00067,
    "foreignExempt": false,
    "shareDescription": "Ordinary Fully Paid",
    "numOfShares": 901381698,
    "yieldAnnual": 0,
    "incomeStatement": [
      {
        "revenue": 382948000,
        "netIncome": 10413000,
        "period": "2021A",
        "fPeriodEndDate": 44561,
        "curCode": "AUD"
      },
      {
        "revenue": 136309000,
        "netIncome": -16120000,
        "period": "2020A",
        "fPeriodEndDate": 44196,
        "curCode": "AUD"
      },
      {
        "revenue": 403059000,
        "netIncome": 91598000,
        "period": "2019A",
        "fPeriodEndDate": 43646,
        "curCode": "AUD"
      },
      {
        "revenue": 208081000,
        "netIncome": 5966000,
        "period": "2018A",
        "fPeriodEndDate": 43281,
        "curCode": "AUD"
      }
    ]
  },
  {
    "symbol": "GAS",
    "displayName": "STATE GAS LIMITED",
    "industry": "Energy",
    "dateListed": "2017-10-10",
    "marketCap": 53959753,
    "xid": "430708791",
    "priceChangeFiveDayPercent": 0,
    "isRecentListing": false,
    "priceAsk": 0.26,
    "priceBid": 0.22,
    "priceChange": -0.009999999999999981,
    "priceChangePercent": -4.166666666666659,
    "priceLast": 0.23,
    "sector": "Energy",
    "industryGroup": "Energy",
    "securityType": 1,
    "volume": 135754,
    "statusCode": "",
    "isin": "AU000000GAS2",
    "priceClose": 0.24,
    "priceDayHigh": 0.24,
    "priceDayLow": 0.22,
    "priceFiftyTwoWeekHigh": 0.52,
    "priceFiftyTwoWeekLow": 0.17,
    "volumeAverage": 607467.282353,
    "cashFlow": -7.41223,
    "earningsPerShare": 0.00635,
    "freeCashFlowYield": -0.0000100000010000001,
    "priceEarningsRatio": 37.79528,
    "priceToCash": -99999.99,
    "foreignExempt": false,
    "shareDescription": "Ordinary Fully Paid",
    "numOfShares": 224832305,
    "yieldAnnual": 0,
    "incomeStatement": [
      {
        "revenue": 370,
        "netIncome": 1342260,
        "period": "2022A",
        "fPeriodEndDate": 44742,
        "curCode": "AUD"
      },
      {
        "revenue": 145740,
        "netIncome": -2947130,
        "period": "2021A",
        "fPeriodEndDate": 44377,
        "curCode": "AUD"
      },
      {
        "revenue": 84540,
        "netIncome": -3553330,
        "period": "2020A",
        "fPeriodEndDate": 44012,
        "curCode": "AUD"
      },
      {
        "revenue": 66240,
        "netIncome": -1983360,
        "period": "2019A",
        "fPeriodEndDate": 43646,
        "curCode": "AUD"
      }
    ]
  },
  {
    "symbol": "SHE",
    "displayName": "STONEHORSE ENERGY LIMITED",
    "industry": "Energy",
    "dateListed": "2000-07-24",
    "marketCap": 9582441,
    "xid": "145039",
    "priceChangeFiveDayPercent": 1.3344026738283132e-14,
    "isRecentListing": false,
    "priceAsk": 0.015,
    "priceBid": 0.013000000000000001,
    "priceChange": -0.0009999999999999992,
    "priceChangePercent": -7.142857142857137,
    "priceLast": 0.013000000000000001,
    "sector": "Energy",
    "industryGroup": "Energy",
    "securityType": 1,
    "volume": 208759,
    "statusCode": "",
    "isin": "AU0000054900",
    "priceClose": 0.014,
    "priceDayHigh": 0.014,
    "priceDayLow": 0.013000000000000001,
    "priceFiftyTwoWeekHigh": 0.024,
    "priceFiftyTwoWeekLow": 0.011,
    "volumeAverage": 1011064.634146,
    "cashFlow": 3.96245,
    "earningsPerShare": 0.00527,
    "freeCashFlowYield": 0.5374494797489037,
    "priceEarningsRatio": 2.65655,
    "priceToCash": 1.86064,
    "foreignExempt": false,
    "shareDescription": "Ordinary Fully Paid",
    "numOfShares": 684460083,
    "yieldAnnual": 0,
    "incomeStatement": [
      {
        "revenue": 7748220,
        "netIncome": 3603330,
        "period": "2022A",
        "fPeriodEndDate": 44742,
        "curCode": "AUD"
      },
      {
        "revenue": 673250,
        "netIncome": -203820,
        "period": "2021A",
        "fPeriodEndDate": 44377,
        "curCode": "AUD"
      },
      {
        "revenue": 559800,
        "netIncome": -2547470,
        "period": "2020A",
        "fPeriodEndDate": 44012,
        "curCode": "AUD"
      },
      {
        "revenue": 10,
        "netIncome": -638590,
        "period": "2019A",
        "fPeriodEndDate": 43646,
        "curCode": "AUD"
      }
    ]
  },
  {
    "symbol": "STX",
    "displayName": "STRIKE ENERGY LIMITED",
    "industry": "Energy",
    "dateListed": "2004-08-05",
    "marketCap": 711656859,
    "xid": "261884",
    "priceChangeFiveDayPercent": -3.030303030303033,
    "isRecentListing": false,
    "priceAsk": 0.32,
    "priceBid": 0.31,
    "priceChange": 0,
    "priceChangePercent": 0,
    "priceLast": 0.32,
    "sector": "Energy",
    "industryGroup": "Energy",
    "securityType": 1,
    "volume": 2489068,
    "statusCode": "",
    "isin": "AU000000STX7",
    "priceClose": 0.32,
    "priceDayHigh": 0.32,
    "priceDayLow": 0.31,
    "priceFiftyTwoWeekHigh": 0.38,
    "priceFiftyTwoWeekLow": 0.195,
    "volumeAverage": 4670548.811111,
    "cashFlow": -62.528,
    "earningsPerShare": -0.00774,
    "freeCashFlowYield": -0.0000100000010000001,
    "priceEarningsRatio": -99999.99,
    "priceToCash": -99999.99,
    "foreignExempt": false,
    "shareDescription": "Ordinary Fully Paid",
    "numOfShares": 2223927684,
    "yieldAnnual": 0,
    "incomeStatement": [
      {
        "revenue": 0,
        "netIncome": -15733000,
        "period": "2022A",
        "fPeriodEndDate": 44742,
        "curCode": "AUD"
      },
      {
        "revenue": 0,
        "netIncome": 6780000,
        "period": "2021A",
        "fPeriodEndDate": 44377,
        "curCode": "AUD"
      },
      {
        "revenue": 0,
        "netIncome": -97406000,
        "period": "2020A",
        "fPeriodEndDate": 44012,
        "curCode": "AUD"
      },
      {
        "revenue": 0,
        "netIncome": -2668000,
        "period": "2019A",
        "fPeriodEndDate": 43646,
        "curCode": "AUD"
      }
    ]
  },
  {
    "symbol": "SYN",
    "displayName": "SYNERGIA ENERGY LTD",
    "industry": "Energy",
    "dateListed": "2003-10-24",
    "marketCap": -1,
    "xid": "220851",
    "priceChangeFiveDayPercent": 0,
    "isRecentListing": false,
    "priceChange": 0,
    "priceChangePercent": 0,
    "priceLast": 0.001,
    "sector": "Energy",
    "industryGroup": "Energy",
    "securityType": 1,
    "volume": 0,
    "statusCode": "",
    "isin": "AU0000233538",
    "priceClose": 0.001,
    "priceFiftyTwoWeekHigh": 0.006,
    "priceFiftyTwoWeekLow": 0.001,
    "volumeAverage": 5527121.930556,
    "cashFlow": -4.83506,
    "earningsPerShare": -0.00038,
    "freeCashFlowYield": -0.0000100000010000001,
    "priceEarningsRatio": -99999.99,
    "priceToCash": -99999.99,
    "foreignExempt": false,
    "shareDescription": "Ordinary Fully Paid",
    "numOfShares": 8417790704,
    "yieldAnnual": 0,
    "incomeStatement": [
      {
        "revenue": 141440,
        "netIncome": -2061920,
        "period": "2022A",
        "fPeriodEndDate": 44742,
        "curCode": "AUD"
      },
      {
        "revenue": 0,
        "netIncome": -614350,
        "period": "2021A",
        "fPeriodEndDate": 44377,
        "curCode": "AUD"
      },
      {
        "revenue": 0,
        "netIncome": -3718850,
        "period": "2020A",
        "fPeriodEndDate": 44012,
        "curCode": "AUD"
      },
      {
        "revenue": 188220,
        "netIncome": -3118120,
        "period": "2019A",
        "fPeriodEndDate": 43646,
        "curCode": "AUD"
      }
    ]
  },
  {
    "symbol": "TPD",
    "displayName": "TALON ENERGY LTD",
    "industry": "Energy",
    "dateListed": "2013-02-28",
    "marketCap": 84113567,
    "xid": "744383580",
    "priceChangeFiveDayPercent": -3.1250000000000027,
    "isRecentListing": false,
    "priceAsk": 0.16,
    "priceBid": 0.155,
    "priceChange": -0.0050000000000000044,
    "priceChangePercent": -3.1250000000000027,
    "priceLast": 0.155,
    "sector": "Energy",
    "industryGroup": "Energy",
    "securityType": 1,
    "volume": 351570,
    "statusCode": "RE",
    "isin": "AU000000TPD5",
    "priceClose": 0.16,
    "priceDayHigh": 0.165,
    "priceDayLow": 0.155,
    "priceFiftyTwoWeekHigh": 0.21,
    "priceFiftyTwoWeekLow": 0.115,
    "volumeAverage": 1192349.804598,
    "cashFlow": -7.54129,
    "earningsPerShare": -0.03252,
    "freeCashFlowYield": -0.0000100000010000001,
    "priceEarningsRatio": -99999.99,
    "priceToCash": -99999.99,
    "foreignExempt": false,
    "shareDescription": "Ordinary Fully Paid",
    "numOfShares": 525709792,
    "yieldAnnual": 0,
    "incomeStatement": [
      {
        "revenue": 8660,
        "netIncome": -4279600,
        "period": "2021A",
        "fPeriodEndDate": 44561,
        "curCode": "AUD"
      },
      {
        "revenue": 37880,
        "netIncome": -1012930,
        "period": "2020A",
        "fPeriodEndDate": 44196,
        "curCode": "AUD"
      },
      {
        "revenue": 50900,
        "netIncome": -1517290,
        "period": "2019A",
        "fPeriodEndDate": 43830,
        "curCode": "AUD"
      },
      {
        "revenue": 130020,
        "netIncome": -932200,
        "period": "2018A",
        "fPeriodEndDate": 43465,
        "curCode": "AUD"
      }
    ]
  },
  {
    "symbol": "TBN",
    "displayName": "TAMBORAN RESOURCES LIMITED",
    "industry": "Energy",
    "dateListed": "2021-07-02",
    "marketCap": 339842580,
    "xid": "661699123",
    "priceChangeFiveDayPercent": -4.255319148936162,
    "isRecentListing": false,
    "priceAsk": 0.23,
    "priceBid": 0.225,
    "priceChange": -0.014999999999999986,
    "priceChangePercent": -6.249999999999995,
    "priceLast": 0.225,
    "sector": "Energy",
    "industryGroup": "Energy",
    "securityType": 1,
    "volume": 1083806,
    "statusCode": "",
    "isin": "AU0000154841",
    "priceClose": 0.24,
    "priceDayHigh": 0.24,
    "priceDayLow": 0.225,
    "priceFiftyTwoWeekHigh": 0.405,
    "priceFiftyTwoWeekLow": 0.18,
    "volumeAverage": 1060308.579545,
    "cashFlow": -65.94544,
    "earningsPerShare": -0.01522,
    "freeCashFlowYield": -0.0000100000010000001,
    "priceEarningsRatio": -99999.99,
    "priceToCash": -99999.99,
    "foreignExempt": false,
    "shareDescription": "Ordinary Fully Paid",
    "numOfShares": 1416010751,
    "yieldAnnual": 0,
    "incomeStatement": [
      {
        "revenue": 0,
        "netIncome": -10802460,
        "period": "2022A",
        "fPeriodEndDate": 44742,
        "curCode": "AUD"
      },
      {
        "revenue": 0,
        "netIncome": -23821440,
        "period": "2021A",
        "fPeriodEndDate": 44377,
        "curCode": "AUD"
      },
      {
        "revenue": 0,
        "netIncome": -14503930,
        "period": "2020A",
        "fPeriodEndDate": 44012,
        "curCode": "AUD"
      },
      {
        "revenue": 0,
        "netIncome": -15361770,
        "period": "2019A",
        "fPeriodEndDate": 43646,
        "curCode": "AUD"
      }
    ]
  },
  {
    "symbol": "T3K",
    "displayName": "TEK-OCEAN GROUP LIMITED",
    "industry": "Energy",
    "dateListed": "2021-09-02",
    "marketCap": -1,
    "xid": "671981589",
    "priceChangeFiveDayPercent": 0,
    "isRecentListing": false,
    "priceChange": 0,
    "priceChangePercent": 0,
    "priceLast": 0.17500000000000002,
    "sector": "Energy",
    "industryGroup": "Energy",
    "securityType": 1,
    "volume": 0,
    "statusCode": "",
    "isin": "AU0000166886",
    "priceClose": 0.17500000000000002,
    "priceFiftyTwoWeekHigh": 0.36,
    "priceFiftyTwoWeekLow": 0.115,
    "cashFlow": -6.45614,
    "earningsPerShare": -0.04113,
    "freeCashFlowYield": 0.3017802014081064,
    "priceEarningsRatio": -99999.99,
    "priceToCash": 3.31367,
    "foreignExempt": false,
    "shareDescription": "Ordinary Fully Paid",
    "numOfShares": 38201000,
    "yieldAnnual": 0,
    "incomeStatement": [
      {
        "revenue": 22200670,
        "netIncome": -20350,
        "period": "2021A",
        "fPeriodEndDate": 44377,
        "curCode": "AUD"
      },
      {
        "revenue": 22719700,
        "netIncome": -3923820,
        "period": "2020A",
        "fPeriodEndDate": 44012,
        "curCode": "AUD"
      },
      {
        "revenue": 28023290,
        "netIncome": 2120930,
        "period": "2019A",
        "fPeriodEndDate": 43646,
        "curCode": "AUD"
      },
      {
        "revenue": 20375570,
        "netIncome": 1174720,
        "period": "2018A",
        "fPeriodEndDate": 43281,
        "curCode": "AUD"
      }
    ]
  },
  {
    "symbol": "T92",
    "displayName": "TERRA URANIUM LIMITED",
    "industry": "Energy",
    "dateListed": "2022-09-08",
    "marketCap": 13720000,
    "xid": "745248089",
    "priceChangeFiveDayPercent": 9.43396226415093,
    "isRecentListing": true,
    "priceAsk": 0.295,
    "priceBid": 0.275,
    "priceChange": 0.009999999999999953,
    "priceChangePercent": 3.5714285714285543,
    "priceLast": 0.29,
    "sector": "Energy",
    "industryGroup": "Energy",
    "securityType": 1,
    "volume": 30096,
    "statusCode": "",
    "isin": "AU0000235004",
    "priceClose": 0.28,
    "priceDayHigh": 0.29,
    "priceDayLow": 0.28,
    "priceFiftyTwoWeekHigh": 0.4,
    "priceFiftyTwoWeekLow": 0.23,
    "foreignExempt": false,
    "shareDescription": "Ordinary Fully Paid",
    "numOfShares": 49000000,
    "yieldAnnual": 0,
    "incomeStatement": [
      {
        "revenue": 0,
        "netIncome": -586350,
        "period": "2022A",
        "fPeriodEndDate": 44742,
        "curCode": "AUD"
      },
      {
        "revenue": 0,
        "netIncome": -32768,
        "period": "2021A",
        "fPeriodEndDate": 44377,
        "curCode": "AUD"
      }
    ]
  },
  {
    "symbol": "TER",
    "displayName": "TERRACOM LIMITED",
    "industry": "Energy",
    "dateListed": "2010-07-22",
    "marketCap": 747549581,
    "xid": "24788500",
    "priceChangeFiveDayPercent": -9.547738693467332,
    "isRecentListing": false,
    "priceAsk": 0.905,
    "priceBid": 0.895,
    "priceChange": -0.03500000000000003,
    "priceChangePercent": -3.7433155080213933,
    "priceLast": 0.9,
    "sector": "Energy",
    "industryGroup": "Energy",
    "securityType": 1,
    "volume": 3544055,
    "statusCode": "",
    "isin": "AU000000TER9",
    "priceClose": 0.935,
    "priceDayHigh": 0.915,
    "priceDayLow": 0.885,
    "priceFiftyTwoWeekHigh": 1.19,
    "priceFiftyTwoWeekLow": 0.175,
    "volumeAverage": 6572248.373626,
    "dateExDate": "2022-11-24",
    "datePayDate": "2022-12-09",
    "dateRecordDate": "2022-11-25",
    "dividend": 0.1,
    "dividendType": "I",
    "frankingPercent": 100,
    "cashFlow": 307.857,
    "earningsPerShare": 0.26848,
    "freeCashFlowYield": 0.3701071830402085,
    "priceEarningsRatio": 3.48257,
    "priceToCash": 2.70192,
    "foreignExempt": false,
    "shareDescription": "Ordinary Fully Paid",
    "numOfShares": 799518268,
    "yieldAnnual": 22.22222222222222,
    "incomeStatement": [
      {
        "revenue": 804626000,
        "netIncome": 196131000,
        "period": "2022A",
        "fPeriodEndDate": 44742,
        "curCode": "AUD"
      },
      {
        "revenue": 549007000,
        "netIncome": -84057000,
        "period": "2021A",
        "fPeriodEndDate": 44377,
        "curCode": "AUD"
      },
      {
        "revenue": 316858000,
        "netIncome": -150852000,
        "period": "2020A",
        "fPeriodEndDate": 44012,
        "curCode": "AUD"
      },
      {
        "revenue": 275058000,
        "netIncome": -11232000,
        "period": "2019A",
        "fPeriodEndDate": 43646,
        "curCode": "AUD"
      }
    ]
  },
  {
    "symbol": "TOU",
    "displayName": "TLOU ENERGY LIMITED",
    "industry": "Energy",
    "dateListed": "2013-04-09",
    "marketCap": 25264123,
    "xid": "55587714",
    "priceChangeFiveDayPercent": 2.9411764705882377,
    "isRecentListing": false,
    "priceAsk": 0.043000000000000003,
    "priceBid": 0.035,
    "priceChange": 0.0010000000000000009,
    "priceChangePercent": 2.9411764705882377,
    "priceLast": 0.035,
    "sector": "Energy",
    "industryGroup": "Energy",
    "securityType": 1,
    "volume": 25000,
    "statusCode": "",
    "isin": "AU000000TOU2",
    "priceClose": 0.034,
    "priceDayHigh": 0.035,
    "priceDayLow": 0.035,
    "priceFiftyTwoWeekHigh": 0.055,
    "priceFiftyTwoWeekLow": 0.023,
    "volumeAverage": 280976.061224,
    "cashFlow": -5.28226,
    "earningsPerShare": -0.00741,
    "freeCashFlowYield": -0.0000100000010000001,
    "priceEarningsRatio": -99999.99,
    "priceToCash": -99999.99,
    "foreignExempt": false,
    "shareDescription": "Ordinary Fully Paid",
    "numOfShares": 743062432,
    "yieldAnnual": 0,
    "incomeStatement": [
      {
        "revenue": 10,
        "netIncome": -4329120,
        "period": "2022A",
        "fPeriodEndDate": 44742,
        "curCode": "AUD"
      },
      {
        "revenue": 480,
        "netIncome": -2054240,
        "period": "2021A",
        "fPeriodEndDate": 44377,
        "curCode": "AUD"
      },
      {
        "revenue": 450,
        "netIncome": -12950600,
        "period": "2020A",
        "fPeriodEndDate": 44012,
        "curCode": "AUD"
      },
      {
        "revenue": 6930,
        "netIncome": -3216700,
        "period": "2019A",
        "fPeriodEndDate": 43646,
        "curCode": "AUD"
      }
    ]
  },
  {
    "symbol": "TMK",
    "displayName": "TMK ENERGY LIMITED",
    "industry": "Energy",
    "dateListed": "2008-07-10",
    "marketCap": 69562500,
    "xid": "12274066",
    "priceChangeFiveDayPercent": 0,
    "isRecentListing": false,
    "priceAsk": 0.016,
    "priceBid": 0.015,
    "priceChange": 0,
    "priceChangePercent": 0,
    "priceLast": 0.015,
    "sector": "Energy",
    "industryGroup": "Energy",
    "securityType": 1,
    "volume": 2004944,
    "statusCode": "",
    "isin": "AU000000TMK7",
    "priceClose": 0.015,
    "priceDayHigh": 0.015,
    "priceDayLow": 0.015,
    "priceFiftyTwoWeekHigh": 0.025,
    "priceFiftyTwoWeekLow": 0.008,
    "volumeAverage": 8058519.730337,
    "cashFlow": -0.63727,
    "earningsPerShare": -0.00412,
    "freeCashFlowYield": -0.0000100000010000001,
    "priceEarningsRatio": -99999.99,
    "priceToCash": -99999.99,
    "foreignExempt": false,
    "shareDescription": "Ordinary Fully Paid",
    "numOfShares": 4637500000,
    "yieldAnnual": 0,
    "incomeStatement": [
      {
        "revenue": 530330,
        "netIncome": -9949720,
        "period": "2022A",
        "fPeriodEndDate": 44742,
        "curCode": "AUD"
      },
      {
        "revenue": 0,
        "netIncome": -172490,
        "period": "2021A",
        "fPeriodEndDate": 44377,
        "curCode": "AUD"
      },
      {
        "revenue": 14950,
        "netIncome": -1095860,
        "period": "2020A",
        "fPeriodEndDate": 44012,
        "curCode": "AUD"
      },
      {
        "revenue": 39920,
        "netIncome": -209390,
        "period": "2019A",
        "fPeriodEndDate": 43646,
        "curCode": "AUD"
      }
    ]
  },
  {
    "symbol": "TEE",
    "displayName": "TOP END ENERGY LIMITED",
    "industry": "Energy",
    "dateListed": "2022-04-04",
    "marketCap": 13925000,
    "xid": "690472170",
    "priceChangeFiveDayPercent": 0,
    "isRecentListing": false,
    "priceAsk": 0.2,
    "priceBid": 0.19,
    "priceChange": 0,
    "priceChangePercent": 0,
    "priceLast": 0.2,
    "sector": "Energy",
    "industryGroup": "Energy",
    "securityType": 1,
    "volume": 0,
    "statusCode": "",
    "isin": "AU0000189300",
    "priceClose": 0.2,
    "priceFiftyTwoWeekHigh": 0.44,
    "priceFiftyTwoWeekLow": 0.185,
    "volumeAverage": 61517.350649,
    "cashFlow": -1.04522,
    "earningsPerShare": -1.06189,
    "freeCashFlowYield": -0.0000100000010000001,
    "priceEarningsRatio": -99999.99,
    "priceToCash": -99999.99,
    "foreignExempt": false,
    "shareDescription": "Ordinary Fully Paid",
    "numOfShares": 69625001,
    "yieldAnnual": 0,
    "incomeStatement": [
      {
        "revenue": 0,
        "netIncome": -4720910,
        "period": "2022A",
        "fPeriodEndDate": 44742,
        "curCode": "AUD"
      },
      {
        "revenue": 0,
        "netIncome": -32960,
        "period": "2021A",
        "fPeriodEndDate": 44377,
        "curCode": "AUD"
      }
    ]
  },
  {
    "symbol": "TOE",
    "displayName": "TORO ENERGY LIMITED",
    "industry": "Energy",
    "dateListed": "2006-03-24",
    "marketCap": 34871101,
    "xid": "4306780",
    "priceChangeFiveDayPercent": 1.927470528863119e-14,
    "isRecentListing": false,
    "priceAsk": 0.009000000000000001,
    "priceBid": 0.008,
    "priceChange": 0.0010000000000000009,
    "priceChangePercent": 12.50000000000001,
    "priceLast": 0.009000000000000001,
    "sector": "Energy",
    "industryGroup": "Energy",
    "securityType": 1,
    "volume": 1671684,
    "statusCode": "",
    "isin": "AU000000TOE6",
    "priceClose": 0.008,
    "priceDayHigh": 0.009000000000000001,
    "priceDayLow": 0.008,
    "priceFiftyTwoWeekHigh": 0.03,
    "priceFiftyTwoWeekLow": 0.008,
    "volumeAverage": 8170305.623188,
    "cashFlow": -3.99012,
    "earningsPerShare": -0.00231,
    "freeCashFlowYield": -0.0000100000010000001,
    "priceEarningsRatio": -99999.99,
    "priceToCash": -99999.99,
    "foreignExempt": false,
    "shareDescription": "Ordinary Fully Paid",
    "numOfShares": 4358887635,
    "yieldAnnual": 0,
    "incomeStatement": [
      {
        "revenue": 79260,
        "netIncome": -8934480,
        "period": "2022A",
        "fPeriodEndDate": 44742,
        "curCode": "AUD"
      },
      {
        "revenue": 18480,
        "netIncome": -6507410,
        "period": "2021A",
        "fPeriodEndDate": 44377,
        "curCode": "AUD"
      },
      {
        "revenue": 65900,
        "netIncome": -44848630,
        "period": "2020A",
        "fPeriodEndDate": 44012,
        "curCode": "AUD"
      },
      {
        "revenue": 146190,
        "netIncome": -2382970,
        "period": "2019A",
        "fPeriodEndDate": 43646,
        "curCode": "AUD"
      }
    ]
  },
  {
    "symbol": "TEG",
    "displayName": "TRIANGLE ENERGY (GLOBAL) LIMITED",
    "industry": "Energy",
    "dateListed": "2006-01-06",
    "marketCap": 28235334,
    "xid": "21727633",
    "priceChangeFiveDayPercent": 4.545454545454549,
    "isRecentListing": false,
    "priceAsk": 0.023,
    "priceBid": 0.022,
    "priceChange": 0.0019999999999999983,
    "priceChangePercent": 9.523809523809517,
    "priceLast": 0.023,
    "sector": "Energy",
    "industryGroup": "Energy",
    "securityType": 1,
    "volume": 3114998,
    "statusCode": "",
    "isin": "AU000000TEG2",
    "priceClose": 0.021,
    "priceDayHigh": 0.023,
    "priceDayLow": 0.022,
    "priceFiftyTwoWeekHigh": 0.024,
    "priceFiftyTwoWeekLow": 0.011,
    "volumeAverage": 4501387,
    "dateExDate": "2010-09-10",
    "datePayDate": "2010-09-30",
    "dateRecordDate": "2010-09-16",
    "dividend": 0.0023,
    "dividendType": "F",
    "frankingPercent": 0,
    "cashFlow": 1.19201,
    "earningsPerShare": -0.00683,
    "freeCashFlowYield": -0.0000100000010000001,
    "priceEarningsRatio": -99999.99,
    "priceToCash": -99999.99,
    "foreignExempt": false,
    "shareDescription": "Ordinary Fully Paid",
    "numOfShares": 1344539705,
    "yieldAnnual": 0,
    "incomeStatement": [
      {
        "revenue": 19448010,
        "netIncome": -7704890,
        "period": "2022A",
        "fPeriodEndDate": 44742,
        "curCode": "AUD"
      },
      {
        "revenue": 6713690,
        "netIncome": -3931720,
        "period": "2021A",
        "fPeriodEndDate": 44377,
        "curCode": "AUD"
      },
      {
        "revenue": 12261150,
        "netIncome": -3786560,
        "period": "2020A",
        "fPeriodEndDate": 44012,
        "curCode": "AUD"
      },
      {
        "revenue": 13185340,
        "netIncome": -1764570,
        "period": "2019A",
        "fPeriodEndDate": 43646,
        "curCode": "AUD"
      }
    ]
  },
  {
    "symbol": "2BE",
    "displayName": "TUBI LIMITED",
    "industry": "Energy",
    "dateListed": "2019-06-14",
    "marketCap": -1,
    "xid": "538769459",
    "priceChangeFiveDayPercent": 0,
    "isRecentListing": false,
    "priceChange": 0,
    "priceChangePercent": 0,
    "priceLast": 0.049,
    "sector": "Energy",
    "industryGroup": "Energy",
    "securityType": 1,
    "volume": 0,
    "statusCode": "",
    "isin": "AU0000046799",
    "priceClose": 0.049,
    "priceFiftyTwoWeekHigh": 0.054,
    "priceFiftyTwoWeekLow": 0.049,
    "cashFlow": -2.86499,
    "earningsPerShare": -0.01572,
    "freeCashFlowYield": -0.0000100000010000001,
    "priceEarningsRatio": -99999.99,
    "priceToCash": -99999.99,
    "foreignExempt": false,
    "shareDescription": "Ordinary Fully Paid",
    "numOfShares": 311306779,
    "yieldAnnual": 0,
    "incomeStatement": [
      {
        "revenue": 9667840,
        "netIncome": -8406620,
        "period": "2021A",
        "fPeriodEndDate": 44377,
        "curCode": "AUD"
      },
      {
        "revenue": 20811110,
        "netIncome": -4667870,
        "period": "2020A",
        "fPeriodEndDate": 44012,
        "curCode": "AUD"
      },
      {
        "revenue": 31563750,
        "netIncome": 1499050,
        "period": "2019A",
        "fPeriodEndDate": 43646,
        "curCode": "AUD"
      },
      {
        "revenue": 17380770,
        "netIncome": 515720,
        "period": "2018A",
        "fPeriodEndDate": 43281,
        "curCode": "AUD"
      }
    ]
  },
  {
    "symbol": "VEN",
    "displayName": "VINTAGE ENERGY LTD",
    "industry": "Energy",
    "dateListed": "2018-09-17",
    "marketCap": 67951285,
    "xid": "489450530",
    "priceChangeFiveDayPercent": 0,
    "isRecentListing": false,
    "priceAsk": 0.091,
    "priceBid": 0.09,
    "priceChange": -0.0010000000000000009,
    "priceChangePercent": -1.0989010989010999,
    "priceLast": 0.09,
    "sector": "Energy",
    "industryGroup": "Energy",
    "securityType": 1,
    "volume": 75294,
    "statusCode": "",
    "isin": "AU0000020885",
    "priceClose": 0.091,
    "priceDayHigh": 0.091,
    "priceDayLow": 0.09,
    "priceFiftyTwoWeekHigh": 0.13,
    "priceFiftyTwoWeekLow": 0.067,
    "volumeAverage": 637710.21978,
    "cashFlow": -9.31441,
    "earningsPerShare": -0.01123,
    "freeCashFlowYield": -0.0000100000010000001,
    "priceEarningsRatio": -99999.99,
    "priceToCash": -99999.99,
    "foreignExempt": false,
    "shareDescription": "Ordinary Fully Paid",
    "numOfShares": 746717416,
    "yieldAnnual": 0,
    "incomeStatement": [
      {
        "revenue": 0,
        "netIncome": -7978700,
        "period": "2022A",
        "fPeriodEndDate": 44742,
        "curCode": "AUD"
      },
      {
        "revenue": 0,
        "netIncome": -2368480,
        "period": "2021A",
        "fPeriodEndDate": 44377,
        "curCode": "AUD"
      },
      {
        "revenue": 0,
        "netIncome": -2205850,
        "period": "2020A",
        "fPeriodEndDate": 44012,
        "curCode": "AUD"
      },
      {
        "revenue": 0,
        "netIncome": -3422790,
        "period": "2019A",
        "fPeriodEndDate": 43646,
        "curCode": "AUD"
      }
    ]
  },
  {
    "symbol": "VEA",
    "displayName": "VIVA ENERGY GROUP LIMITED",
    "industry": "Energy",
    "dateListed": "2018-07-13",
    "marketCap": 4246012819,
    "xid": "478838978",
    "priceChangeFiveDayPercent": 1.123595505617987,
    "isRecentListing": false,
    "priceAsk": 2.74,
    "priceBid": 2.68,
    "priceChange": -0.040000000000000036,
    "priceChangePercent": -1.4598540145985412,
    "priceLast": 2.7,
    "sector": "Energy",
    "industryGroup": "Energy",
    "securityType": 1,
    "volume": 1268142,
    "statusCode": "",
    "isin": "AU0000016875",
    "priceClose": 2.74,
    "priceDayHigh": 2.71,
    "priceDayLow": 2.67,
    "priceFiftyTwoWeekHigh": 3.11,
    "priceFiftyTwoWeekLow": 2.04,
    "volumeAverage": 3193979.604396,
    "dateExDate": "2022-09-07",
    "datePayDate": "2022-09-23",
    "dateRecordDate": "2022-09-08",
    "dividend": 0.137,
    "dividendType": "I",
    "frankingPercent": 100,
    "cashFlow": 555.7,
    "earningsPerShare": 0.39805,
    "freeCashFlowYield": 0.2401785006616918,
    "priceEarningsRatio": 6.88356,
    "priceToCash": 4.16357,
    "foreignExempt": false,
    "shareDescription": "Ordinary Fully Paid",
    "numOfShares": 1549639715,
    "yieldAnnual": 0,
    "incomeStatement": [
      {
        "revenue": 15900000000,
        "netIncome": 232900000,
        "period": "2021A",
        "fPeriodEndDate": 44561,
        "curCode": "AUD"
      },
      {
        "revenue": 12409900000,
        "netIncome": -36200000,
        "period": "2020A",
        "fPeriodEndDate": 44196,
        "curCode": "AUD"
      },
      {
        "revenue": 16541600000,
        "netIncome": 113300000,
        "period": "2019A",
        "fPeriodEndDate": 43830,
        "curCode": "AUD"
      },
      {
        "revenue": 16395100000,
        "netIncome": 579600000,
        "period": "2018A",
        "fPeriodEndDate": 43465,
        "curCode": "AUD"
      }
    ]
  },
  {
    "symbol": "VSR",
    "displayName": "VOLTAIC STRATEGIC RESOURCES LTD",
    "industry": "Energy",
    "dateListed": "2011-01-21",
    "marketCap": 9664155,
    "xid": "27605545",
    "priceChangeFiveDayPercent": -4.347826086956526,
    "isRecentListing": false,
    "priceAsk": 0.023,
    "priceBid": 0.022,
    "priceChange": -0.0010000000000000009,
    "priceChangePercent": -4.347826086956526,
    "priceLast": 0.022,
    "sector": "Materials",
    "industryGroup": "Materials",
    "securityType": 1,
    "volume": 79107,
    "statusCode": "RE",
    "isin": "AU0000234395",
    "priceClose": 0.023,
    "priceDayHigh": 0.024,
    "priceDayLow": 0.022,
    "priceFiftyTwoWeekHigh": 0.035,
    "priceFiftyTwoWeekLow": 0.018,
    "volumeAverage": 5373585.866667,
    "cashFlow": -0.51661,
    "earningsPerShare": -0.0379,
    "freeCashFlowYield": -0.0000100000010000001,
    "priceEarningsRatio": -99999.99,
    "priceToCash": -99999.99,
    "foreignExempt": false,
    "shareDescription": "Ordinary Fully Paid",
    "numOfShares": 420180649,
    "yieldAnnual": 0,
    "incomeStatement": [
      {
        "revenue": 0,
        "netIncome": -434680,
        "period": "2021A",
        "fPeriodEndDate": 44561,
        "curCode": "USD"
      },
      {
        "revenue": 0,
        "netIncome": 1135000,
        "period": "2020A",
        "fPeriodEndDate": 44196,
        "curCode": "USD"
      },
      {
        "revenue": 0,
        "netIncome": -6561780,
        "period": "2019A",
        "fPeriodEndDate": 43830,
        "curCode": "USD"
      },
      {
        "revenue": 5220940,
        "netIncome": -1426440,
        "period": "2018A",
        "fPeriodEndDate": 43465,
        "curCode": "USD"
      }
    ]
  },
  {
    "symbol": "WGO",
    "displayName": "WARREGO ENERGY LIMITED",
    "industry": "Energy",
    "dateListed": "2007-12-12",
    "marketCap": 379167921,
    "xid": "9626924",
    "priceChangeFiveDayPercent": -4.615384615384619,
    "isRecentListing": false,
    "priceAsk": 0.31,
    "priceBid": 0.305,
    "priceChange": 0,
    "priceChangePercent": 0,
    "priceLast": 0.31,
    "sector": "Energy",
    "industryGroup": "Energy",
    "securityType": 1,
    "volume": 2174067,
    "statusCode": "",
    "isin": "AU0000042525",
    "priceClose": 0.31,
    "priceDayHigh": 0.31,
    "priceDayLow": 0.305,
    "priceFiftyTwoWeekHigh": 0.345,
    "priceFiftyTwoWeekLow": 0.1,
    "volumeAverage": 3978203.813187,
    "cashFlow": -17.16393,
    "earningsPerShare": -0.00399,
    "freeCashFlowYield": -0.0000100000010000001,
    "priceEarningsRatio": -99999.99,
    "priceToCash": -99999.99,
    "foreignExempt": false,
    "shareDescription": "Ordinary Fully Paid",
    "numOfShares": 1223122326,
    "yieldAnnual": 0,
    "incomeStatement": [
      {
        "revenue": 5009320,
        "netIncome": -4879570,
        "period": "2022A",
        "fPeriodEndDate": 44742,
        "curCode": "AUD"
      },
      {
        "revenue": 488380,
        "netIncome": -6080370,
        "period": "2021A",
        "fPeriodEndDate": 44377,
        "curCode": "AUD"
      },
      {
        "revenue": 0,
        "netIncome": -4373750,
        "period": "2020A",
        "fPeriodEndDate": 44012,
        "curCode": "AUD"
      },
      {
        "revenue": 0,
        "netIncome": -7532860,
        "period": "2019A",
        "fPeriodEndDate": 43646,
        "curCode": "AUD"
      }
    ]
  },
  {
    "symbol": "SOL",
    "displayName": "WASHINGTON H SOUL PATTINSON & COMPANY LIMITED",
    "industry": "Energy",
    "dateListed": "1903-01-21",
    "marketCap": 10060174342,
    "xid": "257488",
    "priceChangeFiveDayPercent": -2.101139601139588,
    "isRecentListing": false,
    "priceAsk": 27.650000000000002,
    "priceBid": 27.45,
    "priceChange": -0.379999999999999,
    "priceChangePercent": -1.3634732687477538,
    "priceLast": 27.490000000000002,
    "sector": "Energy",
    "industryGroup": "Energy",
    "securityType": 1,
    "volume": 278577,
    "statusCode": "",
    "isin": "AU000000SOL3",
    "priceClose": 27.87,
    "priceDayHigh": 27.62,
    "priceDayLow": 27.17,
    "priceFiftyTwoWeekHigh": 31.39,
    "priceFiftyTwoWeekLow": 22.52,
    "volumeAverage": 442665.010989,
    "dateExDate": "2022-11-18",
    "datePayDate": "2022-12-12",
    "dateRecordDate": "2022-11-21",
    "dividend": 0.58,
    "dividendType": "F",
    "frankingPercent": 100,
    "cashFlow": 776.322,
    "earningsPerShare": 0.0101,
    "freeCashFlowYield": 0.07086549445690103,
    "priceEarningsRatio": 2759.406,
    "priceToCash": 14.11124,
    "foreignExempt": false,
    "shareDescription": "Ordinary Fully Paid",
    "numOfShares": 360967863,
    "yieldAnnual": 3.164787195343761,
    "incomeStatement": [
      {
        "revenue": 2784562000,
        "netIncome": -12941000,
        "period": "2022A",
        "fPeriodEndDate": 44773,
        "curCode": "AUD"
      },
      {
        "revenue": 1148408000,
        "netIncome": 273196000,
        "period": "2021A",
        "fPeriodEndDate": 44408,
        "curCode": "AUD"
      },
      {
        "revenue": 1368467000,
        "netIncome": 952967000,
        "period": "2020A",
        "fPeriodEndDate": 44043,
        "curCode": "AUD"
      },
      {
        "revenue": 1615888000,
        "netIncome": 247943000,
        "period": "2019A",
        "fPeriodEndDate": 43677,
        "curCode": "AUD"
      }
    ]
  },
  {
    "symbol": "WEC",
    "displayName": "WHITE ENERGY COMPANY LIMITED",
    "industry": "Energy",
    "dateListed": "1999-07-23",
    "marketCap": 9939476,
    "xid": "258460",
    "priceChangeFiveDayPercent": 0,
    "isRecentListing": false,
    "priceAsk": 0.245,
    "priceBid": 0.215,
    "priceChange": -0.0050000000000000044,
    "priceChangePercent": -2.040816326530614,
    "priceLast": 0.24,
    "sector": "Energy",
    "industryGroup": "Energy",
    "securityType": 1,
    "volume": 16666,
    "statusCode": "RE",
    "isin": "AU000000WEC5",
    "priceClose": 0.245,
    "priceDayHigh": 0.24,
    "priceDayLow": 0.24,
    "priceFiftyTwoWeekHigh": 4.8,
    "priceFiftyTwoWeekLow": 0.21,
    "volumeAverage": 19202.696,
    "cashFlow": -3.007,
    "earningsPerShare": -0.22475,
    "freeCashFlowYield": -0.0000100000010000001,
    "priceEarningsRatio": -99999.99,
    "priceToCash": -99999.99,
    "foreignExempt": false,
    "shareDescription": "Ordinary Fully Paid",
    "numOfShares": 40569291,
    "yieldAnnual": 0,
    "incomeStatement": [
      {
        "revenue": 277000,
        "netIncome": -5812000,
        "period": "2022A",
        "fPeriodEndDate": 44742,
        "curCode": "AUD"
      },
      {
        "revenue": 234000,
        "netIncome": -14813000,
        "period": "2021A",
        "fPeriodEndDate": 44377,
        "curCode": "AUD"
      },
      {
        "revenue": 249000,
        "netIncome": -8710000,
        "period": "2020A",
        "fPeriodEndDate": 44012,
        "curCode": "AUD"
      },
      {
        "revenue": 266000,
        "netIncome": -9971000,
        "period": "2019A",
        "fPeriodEndDate": 43646,
        "curCode": "AUD"
      }
    ]
  },
  {
    "symbol": "WBE",
    "displayName": "WHITEBARK ENERGY LTD",
    "industry": "Energy",
    "dateListed": "2004-03-10",
    "marketCap": 10972329,
    "xid": "273044",
    "priceChangeFiveDayPercent": 0,
    "isRecentListing": false,
    "priceAsk": 0.002,
    "priceBid": 0.001,
    "priceChange": -0.0005,
    "priceChangePercent": -33.333333333333336,
    "priceLast": 0.001,
    "sector": "Energy",
    "industryGroup": "Energy",
    "securityType": 1,
    "volume": 1176382,
    "statusCode": "",
    "isin": "AU000000WBE7",
    "priceClose": 0.0015,
    "priceDayHigh": 0.002,
    "priceDayLow": 0.001,
    "priceFiftyTwoWeekHigh": 0.003,
    "priceFiftyTwoWeekLow": 0.001,
    "volumeAverage": 7053309.880597,
    "cashFlow": -0.59178,
    "earningsPerShare": -0.00021,
    "freeCashFlowYield": -0.0000100000010000001,
    "priceEarningsRatio": -99999.99,
    "priceToCash": -99999.99,
    "foreignExempt": false,
    "shareDescription": "Ordinary Fully Paid",
    "numOfShares": 7314885861,
    "yieldAnnual": 0,
    "incomeStatement": [
      {
        "revenue": 3160820,
        "netIncome": -915240,
        "period": "2022A",
        "fPeriodEndDate": 44742,
        "curCode": "AUD"
      },
      {
        "revenue": 2758370,
        "netIncome": -9160690,
        "period": "2021A",
        "fPeriodEndDate": 44377,
        "curCode": "AUD"
      },
      {
        "revenue": 2937710,
        "netIncome": -4147410,
        "period": "2020A",
        "fPeriodEndDate": 44012,
        "curCode": "AUD"
      },
      {
        "revenue": 1965880,
        "netIncome": -4075450,
        "period": "2019A",
        "fPeriodEndDate": 43646,
        "curCode": "AUD"
      }
    ]
  },
  {
    "symbol": "WHC",
    "displayName": "WHITEHAVEN COAL LIMITED",
    "industry": "Energy",
    "dateListed": "2007-06-01",
    "marketCap": 8803493267,
    "xid": "7563112",
    "priceChangeFiveDayPercent": -11.870845204178538,
    "isRecentListing": false,
    "priceAsk": 9.3,
    "priceBid": 9.28,
    "priceChange": -0.4800000000000004,
    "priceChangePercent": -4.9180327868852505,
    "priceLast": 9.28,
    "sector": "Energy",
    "industryGroup": "Energy",
    "securityType": 1,
    "volume": 9667062,
    "statusCode": "",
    "isin": "AU000000WHC8",
    "priceClose": 9.76,
    "priceDayHigh": 9.620000000000001,
    "priceDayLow": 9.26,
    "priceFiftyTwoWeekHigh": 11.04,
    "priceFiftyTwoWeekLow": 2.58,
    "volumeAverage": 12326752.428571,
    "dateExDate": "2022-09-01",
    "datePayDate": "2022-09-16",
    "dateRecordDate": "2022-09-02",
    "dividend": 0.4,
    "dividendType": "F",
    "frankingPercent": 100,
    "cashFlow": 2371.832,
    "earningsPerShare": 1.96405,
    "freeCashFlowYield": 0.248860839507156,
    "priceEarningsRatio": 4.96932,
    "priceToCash": 4.01831,
    "foreignExempt": false,
    "shareDescription": "Ordinary Fully Paid",
    "numOfShares": 901997261,
    "yieldAnnual": 5.172413793103448,
    "incomeStatement": [
      {
        "revenue": 4920102000,
        "netIncome": 1951965000,
        "period": "2022A",
        "fPeriodEndDate": 44742,
        "curCode": "AUD"
      },
      {
        "revenue": 1556976000,
        "netIncome": -543914000,
        "period": "2021A",
        "fPeriodEndDate": 44377,
        "curCode": "AUD"
      },
      {
        "revenue": 1721609000,
        "netIncome": 30036000,
        "period": "2020A",
        "fPeriodEndDate": 44012,
        "curCode": "AUD"
      },
      {
        "revenue": 2487944000,
        "netIncome": 527898000,
        "period": "2019A",
        "fPeriodEndDate": 43646,
        "curCode": "AUD"
      }
    ]
  },
  {
    "symbol": "WEL",
    "displayName": "WINCHESTER ENERGY LTD",
    "industry": "Energy",
    "dateListed": "2014-09-23",
    "marketCap": 10102198,
    "xid": "78438895",
    "priceChangeFiveDayPercent": -4.761904761904765,
    "isRecentListing": false,
    "priceAsk": 0.011,
    "priceBid": 0.01,
    "priceChange": 0,
    "priceChangePercent": 0,
    "priceLast": 0.01,
    "sector": "Energy",
    "industryGroup": "Energy",
    "securityType": 1,
    "volume": 0,
    "statusCode": "",
    "isin": "AU000000WEL6",
    "priceClose": 0.01,
    "priceFiftyTwoWeekHigh": 0.025,
    "priceFiftyTwoWeekLow": 0.009,
    "volumeAverage": 502224.267857,
    "cashFlow": -0.69551,
    "earningsPerShare": -0.00003,
    "freeCashFlowYield": 0.21466229328021158,
    "priceEarningsRatio": -99999.99,
    "priceToCash": 4.65848,
    "foreignExempt": false,
    "shareDescription": "Ordinary Fully Paid",
    "numOfShares": 1010219792,
    "yieldAnnual": 0,
    "incomeStatement": [
      {
        "revenue": 4192890,
        "netIncome": -1436170,
        "period": "2021A",
        "fPeriodEndDate": 44561,
        "curCode": "USD"
      },
      {
        "revenue": 2229370,
        "netIncome": -3332960,
        "period": "2020A",
        "fPeriodEndDate": 44196,
        "curCode": "USD"
      },
      {
        "revenue": 2759380,
        "netIncome": -2316570,
        "period": "2019A",
        "fPeriodEndDate": 43830,
        "curCode": "USD"
      },
      {
        "revenue": 1195190,
        "netIncome": -15747490,
        "period": "2018A",
        "fPeriodEndDate": 43465,
        "curCode": "USD"
      }
    ]
  },
  {
    "symbol": "WDS",
    "displayName": "WOODSIDE ENERGY GROUP LTD",
    "industry": "Energy",
    "dateListed": "1971-11-18",
    "marketCap": 69892979071,
    "xid": "287154",
    "priceChangeFiveDayPercent": -3.3021463951568593,
    "isRecentListing": false,
    "priceAsk": 35.300000000000004,
    "priceBid": 35.13,
    "priceChange": -1.6700000000000017,
    "priceChangePercent": -4.536810649280091,
    "priceLast": 35.14,
    "sector": "Energy",
    "industryGroup": "Energy",
    "securityType": 1,
    "volume": 3955352,
    "statusCode": "",
    "isin": "AU0000224040",
    "priceClose": 36.81,
    "priceDayHigh": 36.21,
    "priceDayLow": 35.14,
    "priceFiftyTwoWeekHigh": 39.58,
    "priceFiftyTwoWeekLow": 21.78,
    "volumeAverage": 5818968.032967,
    "dateExDate": "2022-09-08",
    "datePayDate": "2022-10-06",
    "dateRecordDate": "2022-09-09",
    "dividend": 1.5995,
    "dividendType": "I",
    "frankingPercent": 100,
    "cashFlow": 2238.067,
    "earningsPerShare": 4.63616,
    "freeCashFlowYield": 0.11007602951358504,
    "priceEarningsRatio": 7.93977,
    "priceToCash": 9.08463,
    "foreignExempt": false,
    "shareDescription": "Ordinary Fully Paid",
    "numOfShares": 1898749771,
    "yieldAnnual": 8.711155378486056,
    "incomeStatement": [
      {
        "revenue": 6962000000,
        "netIncome": 1983000000,
        "period": "2021A",
        "fPeriodEndDate": 44561,
        "curCode": "USD"
      },
      {
        "revenue": 3600000000,
        "netIncome": -4028000000,
        "period": "2020A",
        "fPeriodEndDate": 44196,
        "curCode": "USD"
      },
      {
        "revenue": 4873000000,
        "netIncome": 343000000,
        "period": "2019A",
        "fPeriodEndDate": 43830,
        "curCode": "USD"
      },
      {
        "revenue": 5240000000,
        "netIncome": 1364000000,
        "period": "2018A",
        "fPeriodEndDate": 43465,
        "curCode": "USD"
      }
    ]
  },
  {
    "symbol": "WOR",
    "displayName": "WORLEY LIMITED",
    "industry": "Energy",
    "dateListed": "2002-11-28",
    "marketCap": 8043930874,
    "xid": "286965",
    "priceChangeFiveDayPercent": -1.9116677653262963,
    "isRecentListing": false,
    "priceAsk": 15.1,
    "priceBid": 14.700000000000001,
    "priceChange": -0.4399999999999995,
    "priceChangePercent": -2.872062663185375,
    "priceLast": 14.88,
    "sector": "Energy",
    "industryGroup": "Energy",
    "securityType": 1,
    "volume": 665551,
    "statusCode": "",
    "isin": "AU000000WOR2",
    "priceClose": 15.32,
    "priceDayHigh": 15.09,
    "priceDayLow": 14.85,
    "priceFiftyTwoWeekHigh": 15.69,
    "priceFiftyTwoWeekLow": 10.61,
    "volumeAverage": 1317517.054945,
    "dateExDate": "2022-08-29",
    "datePayDate": "2022-09-28",
    "dateRecordDate": "2022-08-30",
    "dividend": 0.25,
    "dividendType": "F",
    "frankingPercent": 0,
    "cashFlow": 1,
    "earningsPerShare": 0.32622,
    "freeCashFlowYield": 0.05457532213083888,
    "priceEarningsRatio": 46.96217,
    "priceToCash": 18.3233,
    "foreignExempt": false,
    "shareDescription": "Ordinary Fully Paid",
    "numOfShares": 525060762,
    "yieldAnnual": 3.360215053763441,
    "incomeStatement": [
      {
        "revenue": 9699000000,
        "netIncome": 172000000,
        "period": "2022A",
        "fPeriodEndDate": 44742,
        "curCode": "AUD"
      },
      {
        "revenue": 9516000000,
        "netIncome": 86000000,
        "period": "2021A",
        "fPeriodEndDate": 44377,
        "curCode": "AUD"
      },
      {
        "revenue": 13044000000,
        "netIncome": 171000000,
        "period": "2020A",
        "fPeriodEndDate": 44012,
        "curCode": "AUD"
      },
      {
        "revenue": 6916000000,
        "netIncome": 152000000,
        "period": "2019A",
        "fPeriodEndDate": 43646,
        "curCode": "AUD"
      }
    ]
  },
  {
    "symbol": "XST",
    "displayName": "XSTATE RESOURCES LIMITED",
    "industry": "Energy",
    "dateListed": "1988-01-14",
    "marketCap": 4822772,
    "xid": "220519",
    "priceChangeFiveDayPercent": -25,
    "isRecentListing": false,
    "priceAsk": 0.002,
    "priceBid": 0.001,
    "priceChange": 0,
    "priceChangePercent": 0,
    "priceLast": 0.0015,
    "sector": "Energy",
    "industryGroup": "Energy",
    "securityType": 1,
    "volume": 0,
    "statusCode": "",
    "isin": "AU000000XST7",
    "priceClose": 0.0015,
    "priceFiftyTwoWeekHigh": 0.005,
    "priceFiftyTwoWeekLow": 0.001,
    "volumeAverage": 3154295.368421,
    "cashFlow": -0.64928,
    "earningsPerShare": -0.00127,
    "freeCashFlowYield": -0.0000100000010000001,
    "priceEarningsRatio": -99999.99,
    "priceToCash": -99999.99,
    "foreignExempt": false,
    "shareDescription": "Ordinary Fully Paid",
    "numOfShares": 3215181651,
    "yieldAnnual": 0,
    "incomeStatement": [
      {
        "revenue": 8675100,
        "netIncome": -4643660,
        "period": "2021A",
        "fPeriodEndDate": 44561,
        "curCode": "AUD"
      },
      {
        "revenue": 60810,
        "netIncome": -652430,
        "period": "2020A",
        "fPeriodEndDate": 44196,
        "curCode": "AUD"
      },
      {
        "revenue": 569290,
        "netIncome": -701600,
        "period": "2019A",
        "fPeriodEndDate": 43830,
        "curCode": "AUD"
      },
      {
        "revenue": 528380,
        "netIncome": -1280680,
        "period": "2018A",
        "fPeriodEndDate": 43465,
        "curCode": "AUD"
      }
    ]
  },
  {
    "symbol": "YAL",
    "displayName": "YANCOAL AUSTRALIA LIMITED",
    "industry": "Energy",
    "dateListed": "2012-06-28",
    "marketCap": 8107498143,
    "xid": "47163803",
    "priceChangeFiveDayPercent": -8.435582822085887,
    "isRecentListing": false,
    "priceAsk": 6.03,
    "priceBid": 5.95,
    "priceChange": -0.17000000000000082,
    "priceChangePercent": -2.7687296416938243,
    "priceLast": 5.97,
    "sector": "Energy",
    "industryGroup": "Energy",
    "securityType": 1,
    "volume": 1475706,
    "statusCode": "",
    "isin": "AU000000YAL0",
    "priceClose": 6.140000000000001,
    "priceDayHigh": 6.08,
    "priceDayLow": 5.95,
    "priceFiftyTwoWeekHigh": 7.15,
    "priceFiftyTwoWeekLow": 2.565,
    "volumeAverage": 3610425.637363,
    "dateExDate": "2022-09-05",
    "datePayDate": "2022-09-20",
    "dateRecordDate": "2022-09-06",
    "dividend": 0.5271,
    "dividendType": "I",
    "frankingPercent": 0,
    "cashFlow": 3275,
    "earningsPerShare": 2.00497,
    "freeCashFlowYield": 0.4331798432755327,
    "priceEarningsRatio": 3.06239,
    "priceToCash": 2.30851,
    "foreignExempt": false,
    "shareDescription": "Ordinary Fully Paid",
    "numOfShares": 1320439437,
    "yieldAnnual": 20.621440536013402,
    "incomeStatement": [
      {
        "revenue": 5557000000,
        "netIncome": 791000000,
        "period": "2021A",
        "fPeriodEndDate": 44561,
        "curCode": "AUD"
      },
      {
        "revenue": 3667000000,
        "netIncome": -1040000000,
        "period": "2020A",
        "fPeriodEndDate": 44196,
        "curCode": "AUD"
      },
      {
        "revenue": 4650000000,
        "netIncome": 719000000,
        "period": "2019A",
        "fPeriodEndDate": 43830,
        "curCode": "AUD"
      },
      {
        "revenue": 5010000000,
        "netIncome": 852000000,
        "period": "2018A",
        "fPeriodEndDate": 43465,
        "curCode": "AUD"
      }
    ]
  },
  {
    "symbol": "ZEU",
    "displayName": "ZEUS RESOURCES LIMITED",
    "industry": "Energy",
    "dateListed": "2013-01-21",
    "marketCap": -1,
    "xid": "52026669",
    "priceChangeFiveDayPercent": 0,
    "isRecentListing": false,
    "priceChange": 0,
    "priceChangePercent": 0,
    "priceLast": 0.089,
    "sector": "Energy",
    "industryGroup": "Energy",
    "securityType": 1,
    "volume": 0,
    "statusCode": "XE",
    "isin": "AU000000ZEU0",
    "priceClose": 0.089,
    "priceFiftyTwoWeekHigh": 0.05,
    "priceFiftyTwoWeekLow": 0.035,
    "cashFlow": -0.87878,
    "earningsPerShare": -0.0011,
    "freeCashFlowYield": -0.0000100000010000001,
    "priceEarningsRatio": -99999.99,
    "priceToCash": -99999.99,
    "foreignExempt": false,
    "shareDescription": "Ordinary Fully Paid",
    "numOfShares": 219150000,
    "yieldAnnual": 0,
    "incomeStatement": [
      {
        "revenue": 850,
        "netIncome": -437300,
        "period": "2022A",
        "fPeriodEndDate": 44742,
        "curCode": "AUD"
      },
      {
        "revenue": 2840,
        "netIncome": -243360,
        "period": "2021A",
        "fPeriodEndDate": 44377,
        "curCode": "AUD"
      },
      {
        "revenue": 15870,
        "netIncome": -834620,
        "period": "2020A",
        "fPeriodEndDate": 44012,
        "curCode": "AUD"
      },
      {
        "revenue": 36570,
        "netIncome": -261510,
        "period": "2019A",
        "fPeriodEndDate": 43646,
        "curCode": "AUD"
      }
    ]
  }
]